2762 4344
182 239 189 246 .
214 201 254 263 62
685 199 843 254 ruruouu

213 375 284 435 ergo
306 362 421 416 mentes
441 354 640 418 satisfactione
657 352 773 430 lenitas,
793 361 821 416 et
839 352 972 434 patimini
990 352 1099 414 liberos
1119 353 1259 415 homines
1278 353 1325 415 ire

213 442 277 504 sine
291 440 410 514 iniuria,
432 458 489 520 quo
512 441 667 504 destinant.
698 441 775 502 saevi
794 459 912 520 quoque
930 439 1186 519 implacabilesque
1208 440 1325 500 domiui

214 527 411 589 crudelitatem
428 544 511 588 suam
526 527 699 606 impediunt,
716 527 874 606 siquando
890 527 1068 605 poenitentia
1079 525 1218 604 fugitivos
1231 527 1324 587 redu—

212 613 266 685 xit,
294 620 323 673 ιι
344 612 485 674 dediticiis
507 613 642 674 hostibus
668 613 827 691 parcimus.
858 613 927 691 quid
953 611 1026 672 ultra
1053 611 1151 691 petitis
1178 620 1229 672 aut
1251 613 1322 690 quid

212 695 322 760 vultis?
351 699 381 759 iu
401 706 561 777 conspectu
580 706 677 759 vestro
696 698 843 778 supplices
864 698 959 758 iacent
972 697 1090 758 iuvenes
1105 697 1241 776 ingenui,
1264 701 1322 758 ho—

212 784 304 857 nesti,
327 791 355 844 et
375 785 452 863 quod
473 792 598 865 utroque
609 785 758 862 potentius
774 791 833 857 est,
852 783 1046 845 familiaritate
1061 783 1146 844 vobis
1161 784 1321 862 aliquando

213 870 369 931 coniuncti.
400 870 425 932 si
441 871 622 932 mehercules
634 871 865 931 intervertissent
875 869 1028 948 pecuniam
1040 877 1175 942 vestram,
1192 871 1320 930 silidam

211 956 319 1034 prodit'
312 973 379 1018 mue
393 956 556 1030 laesissent,
572 955 669 1016 satiari
684 963 782 1016 tamen
796 956 969 1054 potuissetis
985 955 1039 1016 hac
1052 972 1158 1051 poena,
1175 974 1265 1034 quam
1278 956 1320 1016 vi-

211 1041 295 1102 detis.
326 1041 440 1102 servitia
461 1060 527 1102 ecce
546 1042 577 1103 in
595 1041 743 1103 frontibus
764 1061 812 1102 ιιι
814 1061 843 1103 ιιι
845 1049 882 1102 rs
898 1049 927 1102 e
915 1041 1058 1102 tvultus
1051 1059 1197 1120 ingenuos
1213 1043 1320 1102 voluu-

210 1128 282 1188 taria
297 1145 460 1205 poenarum
469 1128 538 1228 lege
549 1118 757 1232 proscriptos?
786 1127 980 1206 interpellavit
994 1127 1232 1206 deprecationem
1246 1147 1319 1206 sup-

211 1211 294 1292 plicis
309 1213 413 1274 Lichas
429 1220 459 1273 et
469 1203 581 1274 ‘noli³'
575 1214 668 1292 inquit
679 1203 826 1275 caussam
843 1213 1032 1286 confundere,
1047 1213 1124 1273 sed
1117 1229 1240 1292 impone
1257 1215 1319 1274 sin-

210 1298 284 1376 gulis
300 1299 432 1360 modurn
462 1319 496 1360 ιι
511 1298 639 1377 primum
652 1299 798 1396 omnium,
814 1319 839 1360 ιι
832 1300 926 1360 ultro
938 1306 1089 1372 venerunt,
1106 1317 1158 1360 cur
1169 1301 1318 1360 nudavere

210 1383 339 1445 crinibus
356 1381 471 1463 capita?
485 1385 547 1446 vult
534 1392 596 1446 tum
613 1386 690 1446 euim
707 1386 756 1464 qui
767 1392 923 1464 permutat,
937 1384 1070 1446 fraudem
1082 1391 1174 1463 parat,
1189 1402 1254 1446 nou
1269 1403 1319 1446 sa-

209 1469 413 1532 tisfactionem.
448 1470 564 1544 deiude,
592 1471 617 1532 si
644 1471 801 1550 gratiama
826 1471 918 1550 legato
945 1469 1154 1543 moliebantur,
1182 1472 1256 1550 quid
1278 1472 1319 1532 ιιι

210 1554 309 1615 omnia
324 1556 427 1630 fecisti,
442 1563 475 1616 ut
490 1575 565 1652 qpos
581 1556 719 1628 tuebaris,
735 1553 956 1620 absconderes?
985 1575 1020 1616 ιι
1035 1574 1093 1636 quo
1110 1564 1232 1635 apparet
1247 1575 1317 1620 casu

208 1639 347 1702 incidisse
378 1641 484 1702 noxios
509 1640 539 1701 iu
547 1643 664 1728 plagas
691 1649 720 1703 et
743 1650 772 1704 te
798 1650 889 1704 artem
917 1642 1082 1722 quaesisse,
1114 1661 1171 1721 qua
1197 1652 1318 1706 nostrae

209 1726 493 1788 animadversionis
485 1734 577 1805 impet
579 1746 627 1786 um
644 1728 786 1788 eluderes
813 1746 882 1788 nam
898 1728 974 1808 quod
991 1727 1129 1788 invidiam
1143 1727 1217 1788 facis
1228 1730 1317 1791 nobis

208 1811 353 1891 ingenuos
370 1813 479 1874 honest
466 1820 571 1892 tusque
586 1813 752 1886 clamando,
773 1812 851 1886 vide,
871 1831 908 1874 ne
923 1814 1099 1874 deteriorem
1114 1813 1204 1874 facias
1220 1817 1317 1876 conli-

209 1897 305 1961 dentia
320 1917 466 1960 caussam.
497 1898 566 1978 quid
585 1898 691 1959 dehent
709 1897 779 1960 laesi
792 1897 901 1973 ιιιιιι,
920 1900 971 1960 ubi
991 1918 1034 1960 ιιι
1026 1899 1083 1959 ad
1099 1918 1226 1977 poenam
1243 1920 1316 1962 con-

208 1982 347 2062 fugiunt?
377 1984 499 2046 atenim
516 1984 601 2047 amici
594 1984 735 2047 'fuerunt
750 2003 805 2044 nos
807 1985 854 2046 tri.
883 2004 918 2046 ιο
934 1985 1045 2046 maiora
1056 1993 1230 2048 meruerunt
1241 2006 1316 2066 sup·

208 2069 307 2150 plicia;
327 2089 396 2133 narn
412 2071 462 2150 qni
477 2071 560 2148 iguct
561 2089 595 2131 os
547 2069 710 2144 tlacdit‚
729 2071 803 2133 latro
819 2071 993 2150 appellatur,
1013 2071 1062 2168 qui
1077 2071 1204 2145 amicoS,
1224 2075 1315 2151 paulo

207 2155 306 2218 miuus
327 2176 413 2261 quam
433 2146 594 2260 parricida?
623 2157 743 2218 resolvit
731 2157 925 2254 tEurnolpos
947 2165 1003 2218 taur
1019 2157 1149 2235 iniquam
1166 2158 1315 2220 declama·

207 2241 319 2304 tionem
339 2252 369 2304 et
385 2233 567 2321 ‘intelligo'
559 2242 655 2321 inquit
642 2233 750 2305 tnihil
771 2243 863 2322 magis
883 2243 988 2304 obesse
1007 2243 1162 2304 iuvenibus
1184 2243 1315 2319 miseris,

208 2345 295 2407 quam
321 2329 399 2425 quod
420 2336 506 2391 nocte
526 2330 727 2426 deposnerunt
746 2328 879 2408 capillos:
906 2330 963 2390 hcc
982 2336 1155 2407 argumento
1174 2327 1317 2392 incidisse

206 2414 304 2474 vident
292 2420 341 2474 tur
359 2414 390 2476 in
404 2433 519 2488 navem,
539 2432 601 2474 non
616 2415 739 2475 venisse.
771 2415 848 2493 quod
865 2415 947 2475 velim
963 2423 1022 2481 tam
1038 2415 1160 2475 candide
1174 2416 1210 2475 ad
1226 2433 1315 2478 aures

206 2506 317 2575 vestras
342 2501 503 2579 perveniat,
530 2517 617 2578 quarn
643 2499 813 2578 simpliciter
835 2507 950 2577 gestum
971 2508 1023 2560 est.
1061 2499 1216 2561 voluerunt
1234 2503 1314 2563 enim

206 2591 273 2645 ante
288 2603 375 2663 quam
392 2586 635 2657 conscenderent,
656 2603 813 2646 exonerare
831 2585 924 2663 capita
945 2586 1071 2647 molesto
1087 2593 1115 2646 et
1130 2604 1312 2665 supervacuo

205 2670 352 2748 pondere,
380 2672 431 2733 sed
455 2668 575 2731 celerior
594 2676 696 2732 ventus
716 2671 827 2732 distulit
846 2670 1004 2732 curationis
1024 2671 1222 2750 propositum
1257 2691 1310 2732 ιιι

206 2761 303 2815 tamen
321 2761 495 2853 putaverunt
509 2757 545 2816 ad
560 2773 622 2817 rem
638 2755 796 2835 pertinere,
812 2757 883 2818 uhi'
875 2757 1052 2836 inciperent,
1069 2758 1148 2836 quod
1164 2757 1313 2860 placuerat

205 2845 240 2902 ut
258 2841 353 2915 fieret,
329 2843 458 2944 tquia
463 2860 517 2902 neo
532 2861 620 2904 omen
634 2859 689 2903 nec
694 2843 796 2921 legem
811 2843 1008 2941 navigantium
1024 2835 1185 2905 noverant?
1212 2833 1311 2922 ‘quid'

205 2925 300 3006 inquit
288 2889 458 2990 tLichas‘
463 2927 579 2993 attinuit
598 2928 744 3008 supplices
764 2926 887 2990 radere?
907 2929 965 2990 nisi
985 2929 1062 2990 forte
1084 2928 1313 2991 miserabiliores

207 3013 276 3074 calvi
293 3015 388 3076 solent
402 3034 476 3077 esse.
507 3034 682 3096 quamquam
699 3015 798 3094 quida
799 3016 885 3077 ttinet
872 3015 996 3077 tveritat
984 3023 1041 3076 tem
1058 3033 1110 3093 per
1121 3015 1313 3094 interpretem

206 3097 366 3176 quaerere?
392 3101 461 3180 quid
477 3102 576 3163 dicist
564 3109 605 3176 tu,
621 3098 717 3162 latro?
734 3120 806 3180 quae
822 3101 1005 3163 salamandra
1016 3100 1170 3203 supercilia
1181 3108 1232 3164 tua
1244 3121 1315 3164 exs-

205 3182 304 3245 ussit?
335 3204 380 3247 cur
373 3186 449 3248 deo
466 3187 576 3249 crinem
594 3184 719 3247 vovisti?
749 3187 914 3264 pharmaca,
930 3177 1095 3266 responde.

137 3262 197 3325 108
291 3270 500 3366 obstupueram
521 3291 575 3352 ego
596 3271 731 3352 supplicii
751 3280 829 3334 metu
844 3272 979 3352 pavidus,
999 3290 1054 3333 neo
1069 3271 1160 3352 quid
1152 3291 1184 3334 ιιι
1199 3293 1231 3334 ιι
1246 3293 1313 3336 ma-

204 3352 302 3414 nifest
282 3356 394 3417 tissima
410 3358 545 3432 dicerem,
562 3357 752 3430 inveniebam,
767 3357 864 3420 turbat
852 3366 899 3419 tus
915 3366 944 3418 ct
958 3358 1097 3418 deformis
1110 3366 1192 3436 praet
1192 3379 1224 3420 er
1237 3379 1313 3439 spo-

204 3439 264 3500 liati
278 3441 380 3518 capitis
396 3443 521 3505 dedecus
537 3443 760 3524 superciliorum
775 3451 804 3504 ιι
805 3444 861 3504 iam
877 3443 987 3522 aequali
999 3462 1064 3505 cum
1076 3445 1175 3505 fronte
1186 3446 1281 3508 ιιιιιι
1261 3453 1311 3519 ιιι,

205 3533 238 3588 ut
255 3524 325 3585 nibil
345 3542 400 3587 nec
418 3529 513 3590 facere
534 3531 648 3591 deceret
667 3547 721 3590 uec
741 3528 845 3589 dicere.
875 3536 908 3589 ut
922 3547 989 3589 vero
1010 3530 1133 3608 spongia
1148 3531 1204 3591 uda
1220 3531 1312 3592 facies

204 3611 349 3691 plorantis
375 3612 489 3676 detersa
515 3623 560 3675 est
585 3624 614 3677 et
637 3615 824 3694 liquefactum
849 3632 902 3692 per
927 3622 1022 3674 toturn
1052 3635 1085 3676 os
1111 3624 1313 3678 atramentum

208 3697 308 3759 omnia
329 3698 438 3760 scilicet
454 3699 620 3762 liniamenta
638 3699 774 3778 fuliginea
789 3699 866 3761 nube
882 3700 1025 3774 confudit,
1045 3701 1074 3761 iu
1096 3701 1197 3762 odium
1220 3703 1314 3774 seira

206 3784 357 3846 convertit.
393 3792 480 3865 negat
500 3785 663 3863 Eumolpus
685 3803 843 3862 passurum
867 3803 912 3859 se,
937 3781 1142 3866 ut'quisquam
1162 3783 1312 3867 ingenuos

204 3877 306 3933 ιιιιιιιι
325 3871 371 3933 ιιι
391 3871 542 3952 legemque
558 3869 750 3942 contaminet,
770 3870 991 3950 interpellatque
1006 3873 1196 3935 saevientium
1213 3874 1313 3936 minas
