2728 4344
579 264 737 320 rnrnorffl

598 455 679 522 XXX

252 556 383 628 somnia,
399 575 472 636 quae
486 563 601 619 mentes
615 555 720 618 ludunt
733 555 922 619 volitantibus
936 555 1063 632 umbris,

251 661 313 706 non
328 641 447 704 delubra
461 642 548 704 deum
562 659 617 703 neo
631 641 668 702 ab
683 642 798 703 aethere
812 642 933 704 numina
947 643 1082 716 mittunt,

252 729 304 790 sed
319 727 376 789 sibi
391 727 515 806 quisque
528 726 607 789 lacit.
631 745 700 788 nam
716 745 783 789 oum
798 734 946 807 prostrata
961 747 1072 809 sopore

251 820 357 892 urguet
370 812 501 873 membra
516 812 598 892 quies
614 819 643 873 et
657 831 740 874 mens
756 812 820 874 sine
834 813 966 892 pondere
981 813 1067 887 ludit,

254 897 392 979 quidquid
403 897 468 958 luoe
482 897 550 970 init,
566 896 693 958 tenebris
709 898 775 976 agit
806 898 914 976 oppida
928 898 1005 960 hello

252 983 302 1063 qui
316 982 409 1062 quatit
423 989 452 1043 et
465 981 592 1044 flammis
607 981 789 1044 miserandas
805 982 882 1044 eruit
894 983 999 1057 urbes,

251 1069 308 1130 tela
321 1067 398 1129 videt
411 1085 571 1146 versasque
586 1067 661 1128 aoies
677 1074 708 1127 et
720 1067 824 1129 lunera
837 1086 942 1146 regum

251 1161 338 1234 atque
353 1152 535 1214 exundantes
550 1151 674 1233 profuso
691 1152 832 1230 sanguine
846 1171 977 1233 campos.

251 1239 302 1318 qni
317 1256 420 1299 oausas
437 1255 522 1299 orare
536 1233 644 1312 solent,
658 1238 795 1318 legesque
808 1237 966 1317 forumque

253 1331 282 1385 et
296 1321 392 1403 paridi
406 1329 530 1384 oemunt
543 1322 690 1384 inclusum
706 1329 787 1384 corte
801 1322 938 1384 tribunal.

253 1408 353 1470 condit
367 1425 468 1470 avarus
484 1425 557 1488 opes
573 1407 783 1488 defossumque
797 1409 908 1469 invenit
921 1425 1035 1469 aurum.
1156 1437 1158 1441 ·

251 1500 373 1556 venator
387 1493 479 1556 saltus
494 1491 615 1554 oanibns
631 1493 733 1573 quatit
763 1492 849 1574 eripit
862 1492 949 1554 undis

252 1586 303 1640 aut
316 1577 424 1657 premit
439 1595 568 1639 eversam
582 1579 732 1658 periturus
747 1578 843 1640 navita
857 1595 997 1657 puppem.

252 1662 353 1724 scribit
367 1663 491 1724 amatori
506 1663 654 1724 meretrix.
685 1663 734 1724 dat
748 1663 879 1724 adultera
893 1681 1013 1724 munus.

253 1749 290 1826 [et
305 1745 385 1810 oanis
400 1746 431 1808 in
447 1747 560 1808 somnis
574 1746 683 1827 leporis
700 1747 818 1826 vestigia
831 1747 926 1826 latrat]

251 1832 282 1895 in
297 1831 393 1894 noetis
408 1831 537 1914 spatium
551 1832 729 1894 miserorum
743 1831 864 1895 vulnera
880 1832 987 1894 deuant

599 1995 716 2060 XXXI*

251 2119 313 2163 non
328 2107 373 2162 est
386 2099 484 2162 forma
500 2097 586 2174 satis,
602 2117 656 2162 neo
671 2119 744 2180 quae
758 2099 819 2162 vult
832 2098 904 2162 bella
920 2099 1024 2174 rideri,

294 2186 381 2248 dehet
393 2185 503 2265 vulgari
517 2204 600 2247 more
615 2185 728 2266 plaeere
742 2185 808 2246 sibi.

253 2270 341 2345 diota,
356 2271 446 2345 sales,
460 2271 559 2346 lusus,
575 2272 722 2332 sermonis
738 2270 844 2349 gratia,
858 2271 936 2332 risus

295 2355 417 2418 vineunt
430 2365 549 2419 naturae
565 2356 741 2420 candidioris
758 2374 843 2435 opus.

254 2441 354 2503 condit
368 2442 445 2504 enim
459 2442 600 2517 formam,
615 2441 752 2521 quiequid
768 2441 952 2502 consumitur
966 2439 1054 2513 artis,

295 2533 324 2587 et
337 2525 395 2588 ulsi
409 2527 480 2589 velle
495 2526 612 2601 subest,
628 2527 718 2606 gratia
733 2533 794 2587 tota
810 2524 887 2606 perit

600 2687 728 2751 XXXII*

253 2809 315 2854 non
330 2792 401 2854 satis
417 2792 554 2873 estquod
570 2809 626 2854 nos
642 2792 766 2872 mergis,
780 2791 893 2854 Iuriosa
907 2792 1057 2868 inventus,

294 2885 537 2959 transversosque
552 2878 628 2958 rapit
640 2877 717 2939 lama
733 2878 845 2958 sepulta
861 2877 1003 2959 probris?

254 2981 330 3024 anne
346 2963 432 3026 etiam
447 2963 547 3026 famuli
563 2970 685 3043 cognata
699 2963 780 3024 faeoe
795 2962 900 3043 sepulti

296 3048 326 3110 in
341 3056 415 3111 testa
430 3068 541 3111 mersas
556 3047 740 3110 luxuriantur
755 3046 850 3129 opes?

254 3133 318 3195 vilis
335 3153 435 3195 servus
452 3134 538 3195 hahet
551 3134 634 3211 regni
650 3134 747 3205 boue„
759 3134 884 3213 cellaque
899 3134 975 3215 capti

296 3217 410 3280 deridet
422 3219 538 3280 Vestam
553 3218 783 3298 Romuleamque
799 3237 906 3280 oasam.

252 3301 358 3364 1111111
374 3304 464 3366 virtus
481 3304 578 3365 medio
593 3303 667 3365 iaoet
680 3303 785 3366 obruta
801 3323 906 3377 caeno,

295 3388 439 3467 nequitiae
454 3391 562 3452 classes
578 3389 701 3451 eandida
715 3389 776 3452 vela
788 3389 888 3451 ierunt

600 3553 742 3618 XXXIII*

252 3651 322 3722 nolo
338 3671 392 3738 ego
409 3671 526 3736 semper
540 3654 618 3719 idem
635 3658 722 3739 capiti
738 3654 907 3720 suffundere
922 3661 1038 3718 oostnm

295 3761 350 3806 neo
363 3749 427 3805 toto
443 3742 629 3804 stomachum
644 3743 798 3805 oonoiliare
814 3759 904 3802 mero.

251 3835 445 3891 taurusamat
461 3845 578 3904 gramen
594 3835 703 3890 mutata
717 3845 836 3907 carpere
848 3825 931 3898 valle,

295 3921 324 3976 et
336 3913 398 3975 1111
412 3912 531 3975 mutatis
548 3912 673 3974 sustinet
688 3931 740 3974 ora
755 3910 834 3973 olbis.
