2728 4344
588 251 731 306 sarlone

268 405 309 468 ita
323 423 385 468 non
400 403 483 484 potui
498 404 642 486 supplicio
659 411 746 485 caput
760 405 888 486 aperire,

270 491 323 552 sed
337 490 491 554 furciferae
505 491 659 552 mortifero
673 491 779 553 timore
792 491 875 554 lusus

270 577 305 637 ad
321 575 420 650 verba,
436 575 528 653 magis
545 595 618 656 quae
634 581 769 655 poterant
784 595 890 639 nocere
897 578 988 657 ,fugi

188 665 302 722 erectus
318 660 407 740 igitur
417 660 448 721 in
461 661 589 724 cubitum
602 662 656 723 hac
666 661 728 722 fere
739 661 871 724 oratione
882 671 1085 727 contumacem
1096 668 1209 731 vexavi.

95 739 186 842 ‘quid
202 746 308 820 dicis,
300 764 430 826 mquam,
447 746 578 808 omniurn
595 745 749 807 hominum
766 748 945 827 deorumque
958 747 1077 829 pudor?
1092 768 1159 814 nam
1175 771 1211 814 ne

100 830 258 894 nominare
278 831 396 910 quidem
418 831 472 891 tc'
465 837 542 893 inter
559 849 608 892 res
630 832 720 893 serias
740 831 857 895 fasest
887 834 945 896 lroc
959 835 995 895 de
1010 841 1038 895 te
1053 852 1160 910 merua
1179 845 1212 899 ut

99 936 147 978 me
173 915 205 978 in
236 916 315 977 caelo
343 915 473 995 positum
501 917 537 977 ad
560 916 670 978 inferos
693 915 846 979 traheres?
874 926 908 980 ut
929 918 1095 980 traduceres
1117 940 1210 984 annos

100 1002 198 1082 primo
219 1000 427 1063 florentes}
381 1019 480 1080 vigore
499 1008 689 1080 senectaeque
708 1002 827 1064 ultimae
847 1003 918 1064 milri
937 1003 1161 1066 lassitudinem
1153 1025 1210 1068 rm·

101 1083 253 1167 poneres?
278 1104 350 1166 rogo
366 1093 404 1160 te,
420 1085 492 1146 milri
508 1085 646 1165 apodixin
661 1086 872 1150 defunctoriam
889 1080 996 1151 redde?
1021 1089 1092 1152 haec
1107 1098 1138 1152 ut
1151 1089 1211 1152 ira-

103 1181 146 1234 tos
163 1171 265 1247 effudi,

271 1247 337 1316 ‘illa
352 1255 416 1316 solo
432 1255 507 1315 fixos
524 1256 628 1316 oculos
643 1264 769 1318 aversat
756 1257 888 1332 tenebat,

289 1357 344 1401 nec
358 1339 451 1418 magis
465 1341 582 1419 incepto
598 1339 709 1402 vultum
725 1359 861 1403 sermone
875 1351 1011 1406 moretur

289 1443 374 1522 quam
390 1426 485 1487 lentae
499 1425 600 1486 salices
615 1427 730 1487 lassove
745 1445 889 1507 papavera
904 1418 997 1490 collo?

184 1528 244 1572 neo
255 1511 354 1572 minus
365 1517 491 1589 egotam
503 1510 589 1572 foeda
602 1511 802 1590 obiurgatione
812 1513 892 1574 finita
904 1513 1113 1593 poenitentiam
1125 1532 1210 1594 agere

46 1605 49 1610 “
95 1595 251 1659 sermonis
267 1597 325 1658 mei
341 1596 424 1675 coepi
440 1601 610 1676 secretoque
624 1597 733 1658 rubore
748 1597 893 1676 perfundi,
908 1599 986 1678 quod
1003 1599 1112 1664 oblitus
1126 1619 1210 1662 verc-

96 1681 224 1744 cundiae
240 1700 322 1742 meae
337 1700 404 1743 cum
420 1700 453 1746 ea
468 1688 550 1760 parte
566 1682 701 1762 corporis
716 1681 803 1744 rerba
819 1684 1002 1758 contulerim,
1018 1703 1104 1765 quam
1120 1703 1158 1746 ne
1173 1685 1209 1748 ad

95 1767 301 1846 cognitionem
323 1766 440 1845 quidem
459 1765 623 1870 admittere
633 1767 787 1829 severioris
807 1776 894 1832 notae
913 1769 1050 1832 homines
1072 1771 1209 1832 solerent.

94 1872 170 1914 mox
190 1850 348 1931 perfricata
369 1852 477 1914 diutius
497 1843 623 1913 fronte‘
629 1853 699 1930 quid
718 1861 814 1916 autem
830 1844 899 1932 ego'
913 1854 1033 1934 iuquam
1045 1847 1128 1916 ‘mali
1143 1856 1208 1926 leci,

95 1957 121 2000 ιι
114 1937 276 1998 dolorem
291 1955 390 1998 meum
406 1936 529 1999 naturali
545 1937 671 1998 convitio
686 1936 865 2000 exoneravi?
880 1946 930 2000 aut
945 1940 1013 2018 quid
1028 1947 1074 2002 cst
1085 1941 1186 2020 quod
1178 1958 1208 2001 ιιι

96 2041 227 2102 corpore
253 2022 383 2084 humano
410 2021 502 2082 renni
527 2022 699 2083 maledicere
726 2023 856 2084 solemus
882 2031 932 2086 aut
956 2025 1039 2102 gulae
1065 2025 1210 2104 capitique

96 2109 186 2170 etiam
208 2125 277 2168 oum
298 2107 414 2187 saepius
434 2104 534 2170 dolet?
561 2105 654 2186 quid?
676 2125 738 2168 non
759 2116 788 2169 et
807 2108 900 2170 Vlixes
921 2126 988 2169 cum
1008 2109 1097 2172 corde
1118 2110 1209 2187 litigat

96 2213 168 2267 suo,
190 2192 358 2272 etquidem
379 2191 478 2270 tragici
499 2192 600 2254 oculos
621 2211 693 2254 suos
713 2200 852 2273 tanquam
873 2193 1024 2255 audientes
1045 2192 1208 2274 castigant?

98 2277 250 2359 podagrici
267 2277 391 2356 pedibus
408 2277 470 2338 suis
486 2277 675 2350 maledicunt,
693 2278 844 2356 chiragrici
858 2279 1003 2351 manibus,
1018 2278 1090 2358 lippi
1106 2279 1208 2354 oculis,

99 2363 192 2442 etqui
209 2363 396 2424 offenderunt
411 2380 500 2442 saepe
515 2362 636 2441 digitos,
657 2363 794 2444 quicquid
810 2363 920 2424 doloris
936 2364 1058 2435 habent,
1074 2364 1103 2425 in
1118 2365 1208 2446 pedes

102 2449 251 2512 deferunt:

245 2531 316 2613 quid
331 2549 379 2594 me
393 2532 533 2611 spectatis
549 2532 707 2594 constricta
722 2533 820 2594 fronte
835 2531 975 2608 Catones,

287 2617 489 2696 damnatisque
504 2636 597 2680 novae
612 2617 804 2697 simplicitatis
821 2615 919 2698 opus?

245 2703 393 2764 sermonis
409 2703 475 2783 puri
490 2719 551 2764 non
566 2704 658 2766 tristis
673 2705 761 2782 gratia
776 2703 864 2777 ridet,

309 2789 446 2867 quodque
459 2788 527 2848 facit
541 2789 684 2868 populos,
703 2788 824 2850 candida
838 2789 936 2865 lingua
951 2788 1054 2860 refert;

245 2891 314 2935 nam
331 2875 395 2970 quis
411 2873 598 2946 concubitus,
612 2873 733 2934 Veneris
749 2873 814 2953 quis
829 2873 933 2952 gaudia
948 2869 1065 2934 nescit?
1160 2889 1175 2938 5

173 3029 181 3042 ·
288 2958 355 3038 quis
370 2958 468 3020 vetat
460 2976 490 3020 ιιι
505 2959 605 3038 tepido
621 2959 752 3020 membra
769 2958 861 3020 calere
875 2955 966 3020 toro?

244 3044 310 3124 ipse
325 3051 407 3140 pater
421 3062 479 3103 verr
471 3043 599 3104 doctos
615 3042 759 3122 Epicurus
773 3062 871 3104 amare

288 3127 375 3192 iussit
390 3136 419 3189 et
432 3129 491 3190 hoo
504 3128 591 3192 vitam
607 3129 680 3190 dixit
693 3128 799 3190 habere
812 3117 919 3202 ce‘loc'

646 3229 666 3272 e

181 3292 271 3362 ‘nihil
286 3304 332 3359 est
345 3297 523 3362 hominurn
515 3306 612 3378 mepta
628 3297 819 3380 persuasione
833 3296 935 3358 falsius
950 3311 1005 3358 nec
1019 3295 1085 3358 ficta
1100 3295 1208 3358 severi-

97 3392 158 3448 tate
175 3375 318 3464 ineptius'

646 3483 665 3528 a
1355 3467 1356 3530 l

186 3555 243 3616 hac
263 3552 472 3616 declamatione
492 3553 573 3614 finita
593 3554 699 3616 Gitona
721 3573 794 3615 roco
815 3544 870 3614 ιιε
877 3570 963 3614 narra
983 3543 1068 3614 mihi
1088 3550 1278 3632 inquaml33
1355 3545 1356 3592 l

96 3634 212 3713 ‘fratem
228 3638 279 3700 sed
296 3646 344 3701 tua
361 3639 432 3700 fide.
448 3657 480 3700 ea
496 3647 590 3713 nocte,
606 3658 662 3719 qua
676 3647 705 3700 te
719 3639 791 3700 mihi
804 3638 936 3718 Ascyltos
953 3636 1100 3708 suhduxit,
1117 3655 1210 3739 usquc

101 3725 131 3787 in
147 3725 283 3786 iniuriam
298 3723 434 3802 vigilavit,
450 3742 486 3784 an
502 3732 621 3786 content
621 3743 656 3785 us
608 3724 728 3786 tfuit
741 3725 826 3785 vidua
840 3723 1003 3820 pudicaque
1018 3711 1141 3781 nocte‘l’
1163 3728 1211 3782 te-

101 3810 166 3889 tigit
176 3827 252 3889 puer
259 3809 364 3872 oculos
378 3827 450 3872 suos
462 3809 753 3891 conceptissimisqde
763 3808 868 3870 iuravit
877 3806 971 3869 verbis
984 3805 1039 3868 sibi
1050 3805 1210 3888 abdscylto

102 3895 252 3974 nullam
226 3913 284 3960 ιιιιι
299 3893 407 3962 factam

1207 3970 1248 3981 ..-
