<?xml version="1.0" encoding="UTF-8"?>
<!DOCTYPE html PUBLIC "-//W3C//DTD XHTML 1.0 Transitional//EN"
    "http://www.w3.org/TR/xhtml1/DTD/xhtml1-transitional.dtd">
<html xmlns="http://www.w3.org/1999/xhtml" xml:lang="en" lang="en">
 <head>
  <title>
</title>
<meta http-equiv="Content-Type" content="text/html;charset=utf-8" />
  <meta name='ocr-system' content='tesseract 3.04.00' />
  <meta name='ocr-capabilities' content='ocr_page ocr_carea ocr_par ocr_line ocrx_word'/>
</head>
<body>
  <div class='ocr_page' id='page_1' title='image "./satirarumreliqu00arbigoog_0120.png"; bbox 0 0 2728 4344; ppageno 0'>
   <div class='ocr_carea' id='block_1_1' title="bbox 555 225 765 280">
    <p class='ocr_par' dir='ltr' id='par_1_1' title="bbox 555 225 765 280">
     <span class='ocr_line' id='line_1_1' title="bbox 555 225 765 280; baseline 0.005 -1"><span class='ocrx_word' id='word_1_1' title='bbox 555 225 765 280; x_wconf 79' lang='lat' dir='ltr'><strong>FRAGMENTA</strong></span> 
     </span>
    </p>
   </div>
   <div class='ocr_carea' id='block_1_2' title="bbox 194 381 1059 636">
    <p class='ocr_par' dir='ltr' id='par_1_2' title="bbox 194 381 1059 636">
     <span class='ocr_line' id='line_1_2' title="bbox 294 381 912 458; baseline 0 -13"><span class='ocrx_word' id='word_1_2' title='bbox 294 389 323 445; x_wconf 88' lang='lat' dir='ltr'><strong>et</strong></span> <span class='ocrx_word' id='word_1_3' title='bbox 336 382 446 444; x_wconf 84' lang='lat' dir='ltr'><strong>leuibus</strong></span> <span class='ocrx_word' id='word_1_4' title='bbox 462 382 582 445; x_wconf 86' lang='lat' dir='ltr'><strong>calamis</strong></span> <span class='ocrx_word' id='word_1_5' title='bbox 597 381 719 444; x_wconf 87' lang='lat' dir='ltr'><strong>candida</strong></span> <span class='ocrx_word' id='word_1_6' title='bbox 733 382 822 445; x_wconf 87' lang='lat' dir='ltr'><strong>verba</strong></span> <span class='ocrx_word' id='word_1_7' title='bbox 837 383 912 458; x_wconf 91' lang='lat' dir='ltr'><strong>dedi,</strong></span> 
     </span>
     <span class='ocr_line' id='line_1_3' title="bbox 194 467 967 549; baseline -0.004 -15"><span class='ocrx_word' id='word_1_8' title='bbox 194 486 209 534; x_wconf 84' lang='lat'><strong>5</strong></span> <span class='ocrx_word' id='word_1_9' title='bbox 252 486 333 530; x_wconf 91' lang='lat' dir='ltr'><strong>nunc</strong></span> <span class='ocrx_word' id='word_1_10' title='bbox 347 468 440 530; x_wconf 90' lang='lat' dir='ltr'><strong>sinos</strong></span> <span class='ocrx_word' id='word_1_11' title='bbox 456 468 540 530; x_wconf 91' lang='lat' dir='ltr'><strong>audis</strong></span> <span class='ocrx_word' id='word_1_12' title='bbox 556 477 644 547; x_wconf 83' lang='lat' dir='ltr'><strong>atque·</strong></span> <span class='ocrx_word' id='word_1_13' title='bbox 657 487 689 528; x_wconf 88' lang='lat' dir='ltr'><strong>es</strong></span> <span class='ocrx_word' id='word_1_14' title='bbox 705 467 834 544; x_wconf 89' lang='lat' dir='ltr'><strong>divinus,</strong></span> <span class='ocrx_word' id='word_1_15' title='bbox 850 469 967 549; x_wconf 83' lang='lat' dir='ltr'><strong>Apollo,</strong></span> 
     </span>
     <span class='ocr_line' id='line_1_4' title="bbox 295 546 1059 636; baseline 0 -20"><span class='ocrx_word' id='word_1_16' title='bbox 295 554 342 616; x_wconf 91' lang='lat' dir='ltr'><strong>dic</strong></span> <span class='ocrx_word' id='word_1_17' title='bbox 356 553 442 629; x_wconf 92' lang='lat' dir='ltr'><strong>mihi,</strong></span> <span class='ocrx_word' id='word_1_18' title='bbox 459 553 509 634; x_wconf 91' lang='lat' dir='ltr'><strong>qui</strong></span> <span class='ocrx_word' id='word_1_19' title='bbox 524 569 665 615; x_wconf 88' lang='lat' dir='ltr'><strong>nummos</strong></span> <span class='ocrx_word' id='word_1_20' title='bbox 680 553 858 627; x_wconf 91' lang='lat' dir='ltr'><strong>nonhabet,</strong></span> <span class='ocrx_word' id='word_1_21' title='bbox 874 553 951 618; x_wconf 90' lang='lat' dir='ltr'><strong>unde</strong></span> <span class='ocrx_word' id='word_1_22' title='bbox 966 546 1059 636; x_wconf 82' lang='lat' dir='ltr'><strong>petat’</strong></span> 
     </span>
    </p>
   </div>
   <div class='ocr_carea' id='block_1_3' title="bbox 573 725 725 788">
    <p class='ocr_par' dir='ltr' id='par_1_3' title="bbox 573 725 725 788">
     <span class='ocr_line' id='line_1_5' title="bbox 573 725 725 788; baseline 0.007 -1"><span class='ocrx_word' id='word_1_23' title='bbox 573 725 725 788; x_wconf 86' lang='lat' dir='ltr'>XXXXV*</span> 
     </span>
    </p>
   </div>
   <div class='ocr_carea' id='block_1_4' title="bbox 251 829 991 1676">
    <p class='ocr_par' dir='ltr' id='par_1_4' title="bbox 253 829 991 995">
     <span class='ocr_line' id='line_1_6' title="bbox 253 829 991 911; baseline 0.004 -19"><span class='ocrx_word' id='word_1_24' title='bbox 253 830 352 893; x_wconf 90' lang='lat' dir='ltr'><strong>omnia</strong></span> <span class='ocrx_word' id='word_1_25' title='bbox 368 849 441 910; x_wconf 84' lang='lat' dir='ltr'><strong>quae</strong></span> <span class='ocrx_word' id='word_1_26' title='bbox 456 829 581 891; x_wconf 86' lang='lat' dir='ltr'><strong>miseras</strong></span> <span class='ocrx_word' id='word_1_27' title='bbox 595 837 724 909; x_wconf 88' lang='lat' dir='ltr'><strong>possunt</strong></span> <span class='ocrx_word' id='word_1_28' title='bbox 738 829 822 891; x_wconf 87' lang='lat' dir='ltr'><strong>finire</strong></span> <span class='ocrx_word' id='word_1_29' title='bbox 837 834 991 911; x_wconf 82' lang='lat' dir='ltr'><strong>querellas,</strong></span> 
     </span>
     <span class='ocr_line' id='line_1_7' title="bbox 294 915 918 995; baseline 0.002 -18"><span class='ocrx_word' id='word_1_30' title='bbox 294 916 323 977; x_wconf 93' lang='lat' dir='ltr'><strong>in</strong></span> <span class='ocrx_word' id='word_1_31' title='bbox 338 921 480 995; x_wconf 90' lang='lat' dir='ltr'><strong>promptu</strong></span> <span class='ocrx_word' id='word_1_32' title='bbox 495 915 586 976; x_wconf 89' lang='lat' dir='ltr'><strong>voluit</strong></span> <span class='ocrx_word' id='word_1_33' title='bbox 601 915 741 976; x_wconf 91' lang='lat' dir='ltr'><strong>candidus</strong></span> <span class='ocrx_word' id='word_1_34' title='bbox 756 935 821 977; x_wconf 87' lang='lat' dir='ltr'><strong>csse</strong></span> <span class='ocrx_word' id='word_1_35' title='bbox 837 917 918 978; x_wconf 91' lang='lat' dir='ltr'><strong>dens.</strong></span> 
     </span>
    </p>

    <p class='ocr_par' dir='ltr' id='par_1_5' title="bbox 251 999 953 1166">
     <span class='ocr_line' id='line_1_8' title="bbox 251 999 914 1064; baseline 0.003 -2"><span class='ocrx_word' id='word_1_36' title='bbox 251 1001 305 1062; x_wconf 88' lang='lat' dir='ltr'><strong>vile</strong></span> <span class='ocrx_word' id='word_1_37' title='bbox 321 1002 385 1062; x_wconf 89' lang='lat' dir='ltr'><strong>olus</strong></span> <span class='ocrx_word' id='word_1_38' title='bbox 400 1008 429 1062; x_wconf 92' lang='lat' dir='ltr'><strong>et</strong></span> <span class='ocrx_word' id='word_1_39' title='bbox 444 999 524 1062; x_wconf 91' lang='lat' dir='ltr'><strong>duris</strong></span> <span class='ocrx_word' id='word_1_40' title='bbox 540 1000 688 1062; x_wconf 90' lang='lat' dir='ltr'><strong>haerentia</strong></span> <span class='ocrx_word' id='word_1_41' title='bbox 703 1018 786 1062; x_wconf 91' lang='lat' dir='ltr'><strong>mora</strong></span> <span class='ocrx_word' id='word_1_42' title='bbox 801 1001 914 1064; x_wconf 87' lang='lat' dir='ltr'><strong>rubetis</strong></span> 
     </span>
     <span class='ocr_line' id='line_1_9' title="bbox 293 1085 953 1166; baseline 0.003 -20"><span class='ocrx_word' id='word_1_43' title='bbox 293 1086 450 1166; x_wconf 85' lang='lat' dir='ltr'><strong>pugnantis</strong></span> <span class='ocrx_word' id='word_1_44' title='bbox 466 1085 610 1164; x_wconf 73' lang='lat' dir='ltr'><strong>stomachi</strong></span> <span class='ocrx_word' id='word_1_45' title='bbox 626 1103 820 1165; x_wconf 82' lang='lat' dir='ltr'><strong>composuere</strong></span> <span class='ocrx_word' id='word_1_46' title='bbox 835 1087 953 1148; x_wconf 84' lang='lat' dir='ltr'><strong>famem.</strong></span> 
     </span>
    </p>

    <p class='ocr_par' dir='ltr' id='par_1_6' title="bbox 252 1170 956 1336">
     <span class='ocr_line' id='line_1_10' title="bbox 252 1170 889 1250; baseline -0.002 -17"><span class='ocrx_word' id='word_1_47' title='bbox 252 1171 372 1233; x_wconf 89' lang='lat' dir='ltr'><strong>flumine</strong></span> <span class='ocrx_word' id='word_1_48' title='bbox 387 1171 482 1232; x_wconf 81' lang='lat' dir='ltr'><strong>vicino</strong></span> <span class='ocrx_word' id='word_1_49' title='bbox 498 1170 603 1232; x_wconf 86' lang='lat' dir='ltr'><strong>stultus</strong></span> <span class='ocrx_word' id='word_1_50' title='bbox 620 1170 690 1244; x_wconf 83' lang='lat' dir='ltr'><strong>sitit,</strong></span> <span class='ocrx_word' id='word_1_51' title='bbox 705 1171 804 1250; x_wconf 82' lang='lat' dir='ltr'><strong>effugit</strong></span> <span class='ocrx_word' id='word_1_52' title='bbox 818 1190 889 1233; x_wconf 90' lang='lat' dir='ltr'><strong>euro</strong></span> 
     </span>
     <span class='ocr_line' id='line_1_11' title="bbox 294 1255 956 1336; baseline 0.003 -20"><span class='ocrx_word' id='word_1_53' title='bbox 294 1275 360 1318; x_wconf 90' lang='lat' dir='ltr'><strong>cnm</strong></span> <span class='ocrx_word' id='word_1_54' title='bbox 376 1256 485 1320; x_wconf 90' lang='lat' dir='ltr'><strong>calidus</strong></span> <span class='ocrx_word' id='word_1_55' title='bbox 500 1255 600 1336; x_wconf 90' lang='lat' dir='ltr'><strong>tepido</strong></span> <span class='ocrx_word' id='word_1_56' title='bbox 616 1264 761 1317; x_wconf 82' lang='lat' dir='ltr'><strong>consonat</strong></span> <span class='ocrx_word' id='word_1_57' title='bbox 775 1257 841 1334; x_wconf 89' lang='lat' dir='ltr'><strong>igne</strong></span> <span class='ocrx_word' id='word_1_58' title='bbox 855 1274 956 1335; x_wconf 88' lang='lat' dir='ltr'><strong>rogus.</strong></span> 
     </span>
    </p>

    <p class='ocr_par' dir='ltr' id='par_1_7' title="bbox 251 1339 966 1505">
     <span class='ocr_line' id='line_1_12' title="bbox 251 1339 966 1421; baseline 0.003 -19"><span class='ocrx_word' id='word_1_59' title='bbox 251 1341 297 1402; x_wconf 85' lang='lat' dir='ltr'><strong>lex</strong></span> <span class='ocrx_word' id='word_1_60' title='bbox 312 1348 421 1403; x_wconf 85' lang='lat' dir='ltr'><strong>armata</strong></span> <span class='ocrx_word' id='word_1_61' title='bbox 437 1342 519 1403; x_wconf 85' lang='lat' dir='ltr'><strong>sedet</strong></span> <span class='ocrx_word' id='word_1_62' title='bbox 534 1339 643 1402; x_wconf 91' lang='lat' dir='ltr'><strong>circum</strong></span> <span class='ocrx_word' id='word_1_63' title='bbox 658 1341 719 1402; x_wconf 88' lang='lat' dir='ltr'><strong>fera</strong></span> <span class='ocrx_word' id='word_1_64' title='bbox 733 1341 831 1402; x_wconf 91' lang='lat' dir='ltr'><strong>limina</strong></span> <span class='ocrx_word' id='word_1_65' title='bbox 846 1349 966 1421; x_wconf 84' lang='lat' dir='ltr'><strong>nuptae,</strong></span> 
     </span>
     <span class='ocr_line' id='line_1_13' title="bbox 294 1425 827 1505; baseline 0 -19"><span class='ocrx_word' id='word_1_66' title='bbox 294 1426 337 1487; x_wconf 92' lang='lat' dir='ltr'><strong>nil</strong></span> <span class='ocrx_word' id='word_1_67' title='bbox 352 1426 455 1489; x_wconf 85' lang='lat' dir='ltr'><strong>metuit</strong></span> <span class='ocrx_word' id='word_1_68' title='bbox 467 1426 546 1488; x_wconf 87' lang='lat' dir='ltr'><strong>licito</strong></span> <span class='ocrx_word' id='word_1_69' title='bbox 561 1426 627 1487; x_wconf 89' lang='lat' dir='ltr'><strong>fusa</strong></span> <span class='ocrx_word' id='word_1_70' title='bbox 642 1425 735 1505; x_wconf 90' lang='lat' dir='ltr'><strong>puella</strong></span> <span class='ocrx_word' id='word_1_71' title='bbox 750 1433 827 1487; x_wconf 89' lang='lat' dir='ltr'><strong>toro.</strong></span> 
     </span>
    </p>

    <p class='ocr_par' dir='ltr' id='par_1_8' title="bbox 252 1511 963 1676">
     <span class='ocr_line' id='line_1_14' title="bbox 252 1511 963 1592; baseline 0.003 -20"><span class='ocrx_word' id='word_1_72' title='bbox 252 1512 331 1592; x_wconf 91' lang='lat' dir='ltr'><strong>quod</strong></span> <span class='ocrx_word' id='word_1_73' title='bbox 346 1512 451 1574; x_wconf 87' lang='lat' dir='ltr'><strong>satiare</strong></span> <span class='ocrx_word' id='word_1_74' title='bbox 465 1518 576 1592; x_wconf 86' lang='lat' dir='ltr'><strong>potest,</strong></span> <span class='ocrx_word' id='word_1_75' title='bbox 592 1511 671 1572; x_wconf 88' lang='lat' dir='ltr'><strong>divos</strong></span> <span class='ocrx_word' id='word_1_76' title='bbox 687 1519 789 1572; x_wconf 91' lang='lat' dir='ltr'><strong>natura</strong></span> <span class='ocrx_word' id='word_1_77' title='bbox 804 1511 963 1587; x_wconf 81' lang='lat' dir='ltr'><strong>ministrat,</strong></span> 
     </span>
     <span class='ocr_line' id='line_1_15' title="bbox 296 1596 901 1676; baseline 0 -18"><span class='ocrx_word' id='word_1_78' title='bbox 296 1597 375 1676; x_wconf 89' lang='lat' dir='ltr'><strong>quod</strong></span> <span class='ocrx_word' id='word_1_79' title='bbox 391 1597 477 1659; x_wconf 89' lang='lat' dir='ltr'><strong>docet</strong></span> <span class='ocrx_word' id='word_1_80' title='bbox 491 1596 613 1658; x_wconf 83' lang='lat' dir='ltr'><strong>infrenis</strong></span> <span class='ocrx_word' id='word_1_81' title='bbox 628 1596 734 1674; x_wconf 87' lang='lat' dir='ltr'><strong>gloria,</strong></span> <span class='ocrx_word' id='word_1_82' title='bbox 750 1597 808 1656; x_wconf 88' lang='lat' dir='ltr'><strong>fine</strong></span> <span class='ocrx_word' id='word_1_83' title='bbox 823 1604 901 1658; x_wconf 86' lang='lat' dir='ltr'><strong>caret</strong></span> 
     </span>
    </p>
   </div>
   <div class='ocr_carea' id='block_1_5' title="bbox 573 1766 740 1830">
    <p class='ocr_par' dir='ltr' id='par_1_9' title="bbox 573 1766 740 1830">
     <span class='ocr_line' id='line_1_16' title="bbox 573 1766 740 1830; baseline -0.006 -1"><span class='ocrx_word' id='word_1_84' title='bbox 573 1766 740 1830; x_wconf 77' lang='lat' dir='ltr'>XXXXVI*</span> 
     </span>
    </p>
   </div>
   <div class='ocr_carea' id='block_1_6' title="bbox 252 1869 902 2038">
    <p class='ocr_par' dir='ltr' id='par_1_10' title="bbox 252 1869 902 2038">
     <span class='ocr_line' id='line_1_17' title="bbox 252 1869 899 1952; baseline -0.002 -20"><span class='ocrx_word' id='word_1_85' title='bbox 252 1872 352 1934; x_wconf 84' lang='lat' dir='ltr'><strong>militis</strong></span> <span class='ocrx_word' id='word_1_86' title='bbox 367 1871 398 1933; x_wconf 91' lang='lat' dir='ltr'><strong>in</strong></span> <span class='ocrx_word' id='word_1_87' title='bbox 413 1871 491 1952; x_wconf 84' lang='lat' dir='ltr'><strong>galea</strong></span> <span class='ocrx_word' id='word_1_88' title='bbox 505 1870 606 1933; x_wconf 90' lang='lat' dir='ltr'><strong>nidum</strong></span> <span class='ocrx_word' id='word_1_89' title='bbox 622 1870 717 1932; x_wconf 85' lang='lat' dir='ltr'><strong>fecere</strong></span> <span class='ocrx_word' id='word_1_90' title='bbox 733 1869 899 1932; x_wconf 89' lang='lat' dir='ltr'><strong>columbae:</strong></span> 
     </span>
     <span class='ocr_line' id='line_1_18' title="bbox 295 1955 902 2038; baseline -0.002 -19"><span class='ocrx_word' id='word_1_91' title='bbox 295 1957 428 2038; x_wconf 83' lang='lat' dir='ltr'><strong>adparet,</strong></span> <span class='ocrx_word' id='word_1_92' title='bbox 443 1955 528 2020; x_wconf 88' lang='lat' dir='ltr'><strong>Marti</strong></span> <span class='ocrx_word' id='word_1_93' title='bbox 543 1973 630 2035; x_wconf 90' lang='lat' dir='ltr'><strong>quam</strong></span> <span class='ocrx_word' id='word_1_94' title='bbox 646 1956 685 2017; x_wconf 90' lang='lat' dir='ltr'><strong>sit</strong></span> <span class='ocrx_word' id='word_1_95' title='bbox 699 1955 792 2017; x_wconf 90' lang='lat' dir='ltr'><strong>amica</strong></span> <span class='ocrx_word' id='word_1_96' title='bbox 808 1957 902 2018; x_wconf 86' lang='lat' dir='ltr'><strong>Venus</strong></span> 
     </span>
    </p>
   </div>
   <div class='ocr_carea' id='block_1_7' title="bbox 575 2126 755 2190">
    <p class='ocr_par' dir='ltr' id='par_1_11' title="bbox 575 2126 755 2190">
     <span class='ocr_line' id='line_1_19' title="bbox 575 2126 755 2190; baseline 0.011 -2"><span class='ocrx_word' id='word_1_97' title='bbox 575 2126 755 2190; x_wconf 83' lang='lat' dir='ltr'><strong>xxxxvlr*</strong></span> 
     </span>
    </p>
   </div>
   <div class='ocr_carea' id='block_1_8' title="bbox 168 2231 983 2738">
    <p class='ocr_par' dir='ltr' id='par_1_12' title="bbox 168 2231 983 2738">
     <span class='ocr_line' id='line_1_20' title="bbox 168 2231 917 2312; baseline -0.005 -15"><span class='ocrx_word' id='word_1_98' title='bbox 168 2291 173 2297; x_wconf 84' lang='lat'><em>.</em></span> <span class='ocrx_word' id='word_1_99' title='bbox 254 2235 378 2297; x_wconf 89' lang='lat' dir='ltr'><strong>Iudaeus</strong></span> <span class='ocrx_word' id='word_1_100' title='bbox 394 2232 461 2295; x_wconf 88' lang='lat' dir='ltr'><strong>licet</strong></span> <span class='ocrx_word' id='word_1_101' title='bbox 475 2238 504 2293; x_wconf 90' lang='lat' dir='ltr'><strong>et</strong></span> <span class='ocrx_word' id='word_1_102' title='bbox 518 2231 674 2312; x_wconf 90' lang='lat' dir='ltr'><strong>porcinum</strong></span> <span class='ocrx_word' id='word_1_103' title='bbox 689 2247 800 2292; x_wconf 89' lang='lat' dir='ltr'><strong>numen</strong></span> <span class='ocrx_word' id='word_1_104' title='bbox 816 2233 917 2294; x_wconf 89' lang='lat' dir='ltr'><strong>adoret</strong></span> 
     </span>
     <span class='ocr_line' id='line_1_21' title="bbox 296 2317 866 2390; baseline -0.009 -8"><span class='ocrx_word' id='word_1_105' title='bbox 296 2327 325 2382; x_wconf 87' lang='lat' dir='ltr'><strong>et</strong></span> <span class='ocrx_word' id='word_1_106' title='bbox 340 2319 409 2382; x_wconf 90' lang='lat' dir='ltr'><strong>caeli</strong></span> <span class='ocrx_word' id='word_1_107' title='bbox 425 2335 556 2380; x_wconf 88' lang='lat' dir='ltr'><strong>summas</strong></span> <span class='ocrx_word' id='word_1_108' title='bbox 571 2317 693 2378; x_wconf 88' lang='lat' dir='ltr'><strong>advocet</strong></span> <span class='ocrx_word' id='word_1_109' title='bbox 707 2317 866 2390; x_wconf 85' lang='lat' dir='ltr'><strong>auriculas,</strong></span> 
     </span>
     <span class='ocr_line' id='line_1_22' title="bbox 253 2401 959 2480; baseline -0.006 -14"><span class='ocrx_word' id='word_1_110' title='bbox 253 2406 284 2466; x_wconf 92' lang='lat' dir='ltr'><strong>ni</strong></span> <span class='ocrx_word' id='word_1_111' title='bbox 298 2412 396 2466; x_wconf 88' lang='lat' dir='ltr'><strong>tamen</strong></span> <span class='ocrx_word' id='word_1_112' title='bbox 411 2410 440 2465; x_wconf 85' lang='lat' dir='ltr'><strong>et</strong></span> <span class='ocrx_word' id='word_1_113' title='bbox 453 2404 531 2464; x_wconf 81' lang='lat' dir='ltr'><strong>ferro</strong></span> <span class='ocrx_word' id='word_1_114' title='bbox 548 2401 704 2464; x_wconf 85' lang='lat' dir='ltr'><strong>succiderit</strong></span> <span class='ocrx_word' id='word_1_115' title='bbox 718 2401 846 2480; x_wconf 84' lang='lat' dir='ltr'><strong>inguinis</strong></span> <span class='ocrx_word' id='word_1_116' title='bbox 862 2421 959 2476; x_wconf 89' lang='lat' dir='ltr'><strong>cmm,</strong></span> 
     </span>
     <span class='ocr_line' id='line_1_23' title="bbox 297 2487 877 2566; baseline -0.003 -16"><span class='ocrx_word' id='word_1_117' title='bbox 297 2499 326 2551; x_wconf 89' lang='lat' dir='ltr'><strong>et</strong></span> <span class='ocrx_word' id='word_1_118' title='bbox 340 2489 398 2550; x_wconf 92' lang='lat' dir='ltr'><strong>nisi</strong></span> <span class='ocrx_word' id='word_1_119' title='bbox 412 2489 554 2551; x_wconf 91' lang='lat' dir='ltr'><strong>nudatum</strong></span> <span class='ocrx_word' id='word_1_120' title='bbox 570 2487 688 2549; x_wconf 89' lang='lat' dir='ltr'><strong>solverit</strong></span> <span class='ocrx_word' id='word_1_121' title='bbox 702 2495 762 2548; x_wconf 87' lang='lat' dir='ltr'><strong>arte</strong></span> <span class='ocrx_word' id='word_1_122' title='bbox 778 2495 877 2566; x_wconf 91' lang='lat' dir='ltr'><strong>caput,</strong></span> 
     </span>
     <span class='ocr_line' id='line_1_24' title="bbox 255 2571 983 2654; baseline -0.007 -17"><span class='ocrx_word' id='word_1_123' title='bbox 255 2583 408 2654; x_wconf 83' lang='lat' dir='ltr'><strong>exemptus</strong></span> <span class='ocrx_word' id='word_1_124' title='bbox 424 2573 534 2654; x_wconf 95' lang='lat' dir='ltr'><strong>populo</strong></span> <span class='ocrx_word' id='word_1_125' title='bbox 550 2572 665 2652; x_wconf 85' lang='lat' dir='ltr'><strong>Graiam</strong></span> <span class='ocrx_word' id='word_1_126' title='bbox 681 2573 817 2652; x_wconf 84' lang='lat' dir='ltr'><strong>migrabit</strong></span> <span class='ocrx_word' id='word_1_127' title='bbox 831 2574 866 2635; x_wconf 89' lang='lat' dir='ltr'><strong>ad</strong></span> <span class='ocrx_word' id='word_1_128' title='bbox 881 2571 983 2634; x_wconf 88' lang='lat' dir='ltr'><strong>urbem</strong></span> 
     </span>
     <span class='ocr_line' id='line_1_25' title="bbox 297 2658 850 2738; baseline 0 -17"><span class='ocrx_word' id='word_1_129' title='bbox 297 2669 326 2721; x_wconf 88' lang='lat' dir='ltr'><strong>et</strong></span> <span class='ocrx_word' id='word_1_130' title='bbox 340 2678 401 2721; x_wconf 92' lang='lat' dir='ltr'><strong>non</strong></span> <span class='ocrx_word' id='word_1_131' title='bbox 415 2659 513 2722; x_wconf 89' lang='lat' dir='ltr'><strong>ieiuna</strong></span> <span class='ocrx_word' id='word_1_132' title='bbox 528 2658 647 2721; x_wconf 88' lang='lat' dir='ltr'><strong>sabbata</strong></span> <span class='ocrx_word' id='word_1_133' title='bbox 658 2659 720 2738; x_wconf 89' lang='lat' dir='ltr'><strong>lege</strong></span> <span class='ocrx_word' id='word_1_134' title='bbox 736 2666 850 2738; x_wconf 89' lang='lat' dir='ltr'><strong>premet</strong></span> 
     </span>
    </p>
   </div>
   <div class='ocr_carea' id='block_1_9' title="bbox 254 2826 922 2995">
    <p class='ocr_par' dir='ltr' id='par_1_13' title="bbox 254 2826 922 2995">
     <span class='ocr_line' id='line_1_26' title="bbox 254 2826 922 2907; baseline -0.006 -15"><span class='ocrx_word' id='word_1_135' title='bbox 254 2848 312 2892; x_wconf 94' lang='lat' dir='ltr'><strong>una</strong></span> <span class='ocrx_word' id='word_1_136' title='bbox 327 2836 372 2891; x_wconf 90' lang='lat' dir='ltr'><strong>est</strong></span> <span class='ocrx_word' id='word_1_137' title='bbox 386 2829 522 2891; x_wconf 86' lang='lat' dir='ltr'><strong>nobilitas</strong></span> <span class='ocrx_word' id='word_1_138' title='bbox 538 2835 802 2907; x_wconf 84' lang='lat' dir='ltr'><strong>argumentumque</strong></span> <span class='ocrx_word' id='word_1_139' title='bbox 816 2826 922 2889; x_wconf 92' lang='lat' dir='ltr'><strong>coloris</strong></span> 
     </span>
     <span class='ocr_line' id='line_1_27' title="bbox 295 2912 910 2995; baseline -0.005 -18"><span class='ocrx_word' id='word_1_140' title='bbox 295 2915 428 2995; x_wconf 89' lang='lat' dir='ltr'><strong>ingenui,</strong></span> <span class='ocrx_word' id='word_1_141' title='bbox 443 2914 560 2976; x_wconf 84' lang='lat' dir='ltr'><strong>timidas</strong></span> <span class='ocrx_word' id='word_1_142' title='bbox 575 2931 638 2974; x_wconf 91' lang='lat' dir='ltr'><strong>non</strong></span> <span class='ocrx_word' id='word_1_143' title='bbox 653 2912 789 2975; x_wconf 85' lang='lat' dir='ltr'><strong>habuisse</strong></span> <span class='ocrx_word' id='word_1_144' title='bbox 804 2930 910 2974; x_wconf 89' lang='lat' dir='ltr'><strong>manus</strong></span> 
     </span>
    </p>
   </div>
   <div class='ocr_carea' id='block_1_10' title="bbox 577 3091 769 3156">
    <p class='ocr_par' dir='ltr' id='par_1_14' title="bbox 577 3091 769 3156">
     <span class='ocr_line' id='line_1_28' title="bbox 577 3091 769 3156; baseline 0 0"><span class='ocrx_word' id='word_1_145' title='bbox 577 3091 769 3156; x_wconf 79' lang='lat' dir='ltr'>xxxxvlfl*</span> 
     </span>
    </p>
   </div>
   <div class='ocr_carea' id='block_1_11' title="bbox 190 3191 1124 3962">
    <p class='ocr_par' dir='ltr' id='par_1_15' title="bbox 190 3191 1124 3962">
     <span class='ocr_line' id='line_1_29' title="bbox 254 3191 941 3274; baseline -0.01 -15"><span class='ocrx_word' id='word_1_146' title='bbox 254 3198 330 3259; x_wconf 82' lang='lat' dir='ltr'><strong>lecto</strong></span> <span class='ocrx_word' id='word_1_147' title='bbox 347 3191 530 3273; x_wconf 90' lang='lat' dir='ltr'><strong>compositus</strong></span> <span class='ocrx_word' id='word_1_148' title='bbox 546 3194 592 3256; x_wconf 84' lang='lat' dir='ltr'><strong>vix</strong></span> <span class='ocrx_word' id='word_1_149' title='bbox 607 3195 703 3274; x_wconf 90' lang='lat' dir='ltr'><strong>prima</strong></span> <span class='ocrx_word' id='word_1_150' title='bbox 718 3192 830 3254; x_wconf 88' lang='lat' dir='ltr'><strong>silentia</strong></span> <span class='ocrx_word' id='word_1_151' title='bbox 845 3191 941 3254; x_wconf 90' lang='lat' dir='ltr'><strong>noctis</strong></span> 
     </span>
     <span class='ocr_line' id='line_1_30' title="bbox 299 3277 968 3362; baseline -0.01 -18"><span class='ocrx_word' id='word_1_152' title='bbox 299 3280 454 3362; x_wconf 88' lang='lat' dir='ltr'><strong>carpebam</strong></span> <span class='ocrx_word' id='word_1_153' title='bbox 469 3286 499 3340; x_wconf 85' lang='lat' dir='ltr'><strong>et</strong></span> <span class='ocrx_word' id='word_1_154' title='bbox 513 3297 620 3341; x_wconf 92' lang='lat' dir='ltr'><strong>somno</strong></span> <span class='ocrx_word' id='word_1_155' title='bbox 635 3279 746 3341; x_wconf 90' lang='lat' dir='ltr'><strong>lumina</strong></span> <span class='ocrx_word' id='word_1_156' title='bbox 760 3278 834 3340; x_wconf 85' lang='lat' dir='ltr'><strong>victa</strong></span> <span class='ocrx_word' id='word_1_157' title='bbox 850 3277 968 3351; x_wconf 89' lang='lat' dir='ltr'><strong>dabam,</strong></span> 
     </span>
     <span class='ocr_line' id='line_1_31' title="bbox 257 3361 1083 3445; baseline -0.011 -15"><span class='ocrx_word' id='word_1_158' title='bbox 257 3386 323 3431; x_wconf 91' lang='lat' dir='ltr'><strong>cum</strong></span> <span class='ocrx_word' id='word_1_159' title='bbox 339 3385 387 3429; x_wconf 92' lang='lat' dir='ltr'><strong>me</strong></span> <span class='ocrx_word' id='word_1_160' title='bbox 402 3383 507 3427; x_wconf 86' lang='lat' dir='ltr'><strong>saevus</strong></span> <span class='ocrx_word' id='word_1_161' title='bbox 521 3368 613 3427; x_wconf 78' lang='lat' dir='ltr'><strong>Amor</strong></span> <span class='ocrx_word' id='word_1_162' title='bbox 625 3382 767 3445; x_wconf 89' lang='lat' dir='ltr'><strong>prensum</strong></span> <span class='ocrx_word' id='word_1_163' title='bbox 783 3381 961 3443; x_wconf 88' lang='lat' dir='ltr'><strong>sursumque</strong></span> <span class='ocrx_word' id='word_1_164' title='bbox 976 3361 1083 3441; x_wconf 84' lang='lat' dir='ltr'><strong>capiib‘s</strong></span> 
     </span>
     <span class='ocr_line' id='line_1_32' title="bbox 211 3449 875 3531; baseline -0.008 -17"><span class='ocrx_word' id='word_1_165' title='bbox 211 3475 215 3484; x_wconf 93' lang='lat'>·</span> <span class='ocrx_word' id='word_1_166' title='bbox 299 3451 404 3514; x_wconf 84' lang='lat' dir='ltr'><strong>excitat</strong></span> <span class='ocrx_word' id='word_1_167' title='bbox 419 3457 448 3512; x_wconf 86' lang='lat' dir='ltr'><strong>et</strong></span> <span class='ocrx_word' id='word_1_168' title='bbox 462 3450 590 3513; x_wconf 90' lang='lat' dir='ltr'><strong>lacerum</strong></span> <span class='ocrx_word' id='word_1_169' title='bbox 605 3449 773 3531; x_wconf 84' lang='lat' dir='ltr'><strong>pervigilare</strong></span> <span class='ocrx_word' id='word_1_170' title='bbox 787 3449 875 3510; x_wconf 78' lang='lat' dir='ltr'><strong>iubet</strong></span> 
     </span>
     <span class='ocr_line' id='line_1_33' title="bbox 198 3527 1124 3616; baseline -0.015 -10"><span class='ocrx_word' id='word_1_171' title='bbox 198 3557 213 3606; x_wconf 82' lang='lat'>5</span> <span class='ocrx_word' id='word_1_172' title='bbox 254 3533 302 3602; x_wconf 86' lang='lat' dir='ltr'><strong>‘tu</strong></span> <span class='ocrx_word' id='word_1_173' title='bbox 316 3537 441 3599; x_wconf 84' lang='lat' dir='ltr'><strong>famulus</strong></span> <span class='ocrx_word' id='word_1_174' title='bbox 458 3528 555 3599; x_wconf 82' lang='lat' dir='ltr'><strong>mcus’</strong></span> <span class='ocrx_word' id='word_1_175' title='bbox 569 3527 769 3616; x_wconf 84' lang='lat' dir='ltr'><strong>inquit‘ames</strong></span> <span class='ocrx_word' id='word_1_176' title='bbox 784 3553 850 3596; x_wconf 92' lang='lat' dir='ltr'><strong>cum</strong></span> <span class='ocrx_word' id='word_1_177' title='bbox 866 3534 944 3596; x_wconf 88' lang='lat' dir='ltr'><strong>mille</strong></span> <span class='ocrx_word' id='word_1_178' title='bbox 959 3532 1081 3613; x_wconf 89' lang='lat' dir='ltr'><strong>puellas,</strong></span> <span class='ocrx_word' id='word_1_179' title='bbox 1121 3535 1124 3544; x_wconf 88' lang='grc'><em>’</em></span> 
     </span>
     <span class='ocr_line' id='line_1_34' title="bbox 190 3610 901 3699; baseline -0.011 -12"><span class='ocrx_word' id='word_1_180' title='bbox 190 3661 196 3670; x_wconf 37' lang='lat' dir='ltr'>x</span> <span class='ocrx_word' id='word_1_181' title='bbox 300 3624 394 3695; x_wconf 88' lang='lat' dir='ltr'><strong>solus,</strong></span> <span class='ocrx_word' id='word_1_182' title='bbox 410 3622 439 3684; x_wconf 88' lang='lat' dir='ltr'><strong>io</strong></span> <span class='ocrx_word' id='word_1_183' title='bbox 454 3621 553 3697; x_wconf 89' lang='lat' dir='ltr'><strong>solus,</strong></span> <span class='ocrx_word' id='word_1_184' title='bbox 569 3621 656 3694; x_wconf 89' lang='lat' dir='ltr'><strong>dure,</strong></span> <span class='ocrx_word' id='word_1_185' title='bbox 672 3610 766 3682; x_wconf 89' lang='lat' dir='ltr'><strong>iacere</strong></span> <span class='ocrx_word' id='word_1_186' title='bbox 780 3610 901 3699; x_wconf 66' lang='lat' dir='ltr'><strong>potest’</strong></span> 
     </span>
     <span class='ocr_line' id='line_1_35' title="bbox 258 3705 925 3788; baseline -0.01 -16"><span class='ocrx_word' id='word_1_187' title='bbox 258 3709 358 3772; x_wconf 84' lang='lat' dir='ltr'><strong>exsilio</strong></span> <span class='ocrx_word' id='word_1_188' title='bbox 374 3707 540 3788; x_wconf 86' lang='lat' dir='ltr'><strong>etpedibus</strong></span> <span class='ocrx_word' id='word_1_189' title='bbox 555 3707 643 3769; x_wconf 90' lang='lat' dir='ltr'><strong>nudis</strong></span> <span class='ocrx_word' id='word_1_190' title='bbox 658 3705 814 3784; x_wconf 85' lang='lat' dir='ltr'><strong>tunicaque</strong></span> <span class='ocrx_word' id='word_1_191' title='bbox 830 3707 925 3766; x_wconf 89' lang='lat' dir='ltr'><strong>soluta</strong></span> 
     </span>
     <span class='ocr_line' id='line_1_36' title="bbox 302 3788 958 3873; baseline -0.011 -17"><span class='ocrx_word' id='word_1_192' title='bbox 302 3813 390 3856; x_wconf 87' lang='lat' dir='ltr'><strong>omne</strong></span> <span class='ocrx_word' id='word_1_193' title='bbox 404 3793 459 3855; x_wconf 86' lang='lat' dir='ltr'><strong>iter</strong></span> <span class='ocrx_word' id='word_1_194' title='bbox 471 3793 615 3873; x_wconf 91' lang='lat' dir='ltr'><strong>impedio,</strong></span> <span class='ocrx_word' id='word_1_195' title='bbox 629 3791 741 3856; x_wconf 92' lang='lat' dir='ltr'><strong>nullum</strong></span> <span class='ocrx_word' id='word_1_196' title='bbox 756 3791 810 3852; x_wconf 87' lang='lat' dir='ltr'><strong>iter</strong></span> <span class='ocrx_word' id='word_1_197' title='bbox 825 3788 958 3870; x_wconf 86' lang='lat' dir='ltr'><strong>expedio.</strong></span> 
     </span>
     <span class='ocr_line' id='line_1_37' title="bbox 258 3872 1054 3962; baseline -0.013 -18"><span class='ocrx_word' id='word_1_198' title='bbox 258 3897 338 3944; x_wconf 90' lang='lat' dir='ltr'><strong>nunc</strong></span> <span class='ocrx_word' id='word_1_199' title='bbox 352 3898 495 3962; x_wconf 92' lang='lat' dir='ltr'><strong>propero,</strong></span> <span class='ocrx_word' id='word_1_200' title='bbox 509 3895 590 3942; x_wconf 91' lang='lat' dir='ltr'><strong>nunc</strong></span> <span class='ocrx_word' id='word_1_201' title='bbox 603 3877 645 3941; x_wconf 89' lang='lat' dir='ltr'><strong>ire</strong></span> <span class='ocrx_word' id='word_1_202' title='bbox 660 3877 752 3960; x_wconf 85' lang='lat' dir='ltr'><strong>piget,</strong></span> <span class='ocrx_word' id='word_1_203' title='bbox 767 3893 945 3955; x_wconf 89' lang='lat' dir='ltr'><strong>rursumque</strong></span> <span class='ocrx_word' id='word_1_204' title='bbox 959 3872 1054 3936; x_wconf 89' lang='lat' dir='ltr'><strong>redire</strong></span> 
     </span>
    </p>
   </div>
   <div class='ocr_carea' id='block_1_12' title="bbox 0 0 1375 4344">
    <p class='ocr_par' dir='ltr' id='par_1_16' title="bbox 0 0 1375 4344">
     <span class='ocr_line' id='line_1_38' title="bbox 0 0 1375 4344; baseline 0 0"><span class='ocrx_word' id='word_1_205' title='bbox 0 0 1375 4344; x_wconf 95' lang='lat' dir='ltr'><strong> </strong></span> 
     </span>
    </p>
   </div>
  </div>
 </body>
</html>
