2728 4344
568 227 712 282 narrum
1132 235 1190 298 121

617 385 664 445 LV

288 487 412 549 Credere
427 487 492 567 quis
509 485 636 567 posset?
650 487 753 550 falcem
770 507 887 569 quoque
901 525 943 535 —
958 498 1042 572 turpe
1057 491 1140 555 fateri
1152 525 1195 540 -

332 573 367 634 de
383 573 479 651 digitis
493 572 575 633 fures
587 573 761 652 subripuere
778 575 861 636 meis.

289 679 344 720 nec
358 667 456 720 movet
471 657 573 719 amissi
588 676 634 719 me
649 667 709 720 tam
725 658 834 720 iactura
850 660 1017 740 pudorque,

330 763 416 824 quam
433 743 574 823 praebent
588 743 682 804 iustos
695 744 782 805 altera
797 746 852 805 tela
868 753 979 807 metus:

288 829 400 910 quaesi
415 828 579 907 perdidero,
595 829 687 907 patria
703 829 863 903 multabor,
879 837 908 892 et
923 829 992 893 olim
1079 850 1094 899 s

331 914 376 975 ille
391 921 459 975 tuus
476 913 559 988 civis,
574 913 748 994 Lampsaco,
764 915 860 976 Gallus
877 933 938 976 ero.

287 1200 405 1262 Derides
421 1219 552 1280 quoque,
566 1200 629 1272 fur,
647 1208 676 1261 et
689 1201 869 1282 impudicum

289 1285 420 1346 ostendis
436 1285 557 1364 digitum
574 1285 645 1346 mibi
661 1287 794 1348 minanti.

288 1371 346 1432 hen
362 1371 419 1432 heu
435 1389 482 1431 me
497 1371 653 1444 miserum,
668 1372 746 1449 quod
762 1372 818 1435 ista
830 1373 940 1452 lignum
956 1381 1014 1446 est,

289 1474 362 1534 quae
378 1475 425 1516 me
439 1456 596 1517 terribilem
612 1455 681 1517 facit
696 1457 795 1519 videri.

288 1540 433 1602 mandabo
450 1541 570 1602 domino
586 1549 683 1602 tamen
701 1542 802 1617 salaci,
1079 1560 1094 1610 5

288 1634 321 1688 ut
335 1645 390 1705 pro
406 1645 453 1686 mc
469 1626 536 1688 velit
550 1627 693 1688 irrumare
707 1627 796 1690 fures.

604 1817 679 1878 LVll

289 1912 396 1976 Cornix
412 1920 440 1974 et
455 1913 546 1974 caries
561 1922 703 1994 vetusque
718 1915 850 1992 bustum,

289 1998 374 2061 turba
390 1999 506 2078 putrida
520 1999 595 2060 facta
612 2000 809 2073 sacculorum,

259 2091 269 2107 ’
289 2103 363 2163 quae
377 2084 478 2156 forsan
494 2084 639 2163 potuisset
653 2103 718 2145 esse
733 2086 830 2148 nutrix

291 2169 409 2230 Tithoni
425 2169 592 2248 Priamique
612 2169 818 2251 Nestorisque,

289 2253 343 2315 illis
359 2254 389 2314 ni
405 2254 503 2334 pueris
518 2273 591 2314 anus
605 2253 721 2329 fnisset,

293 2357 330 2400 ne
346 2339 438 2400 desim
455 2338 524 2411 sibi,
540 2357 588 2400 me
603 2347 701 2420 rogat,
715 2339 837 2402 fututor.

293 2424 360 2504 quid
379 2424 404 2485 si
419 2442 499 2485 nnnc
514 2431 612 2504 roget,
629 2433 661 2486 ut
675 2426 769 2504 puella
784 2425 856 2488 fiat?

291 2511 316 2571 si
331 2527 472 2572 nummos
487 2517 585 2572 tamen
601 2511 672 2572 haec
687 2511 785 2587 habet,
801 2512 895 2594 puella
911 2521 965 2576 est.

603 2700 690 2763 LVlll

290 2799 463 2877 Quicunque
478 2805 609 2859 nostram
625 2799 674 2860 fur
687 2798 821 2862 fefellerit
836 2817 949 2875 curam,

290 2883 455 2945 effeminato
471 2883 613 2944 verminet
627 2883 730 2963 procul
746 2885 826 2958 culo;

293 2987 424 3048 quaeque
439 2969 487 3030 hic
501 2976 635 3048 proterva
652 2969 793 3053 carpserit
807 2988 898 3032 manu
914 2990 1003 3051 poma

292 3053 400 3134 puella,
416 3053 527 3116 nullum
544 3053 671 3133 reperiat
684 3054 856 3116 fututorem.

593 3239 694 3303 LVllll

293 3338 477 3401 Praedictum
493 3337 546 3399 tibi
561 3356 598 3399 ne
613 3357 719 3418 negare
734 3340 847 3419 possis:

292 3427 318 3486 si
329 3425 378 3485 fur
392 3423 517 3497 veneris,
530 3423 696 3504 impudicus
713 3425 776 3486 ibis.

618 3608 668 3670 LX

292 3707 322 3768 Si
339 3713 412 3785 quot
426 3706 516 3768 babes
528 3725 644 3781 versus,
660 3714 705 3769 tot
718 3707 840 3768 haberes
856 3727 958 3787 poma,
973 3706 1091 3789 Priape,

332 3810 415 3854 esses
429 3793 549 3878 antiquo
565 3792 652 3853 ditior
666 3793 798 3856 Alcinoo.
