2728 4344
209 241 249 308 aa
681 239 837 294 rnrnoun

227 412 277 463 tao
311 394 466 457 abscondit
480 395 559 475 galea
572 395 679 458 victum
697 402 784 476 ceput
798 401 883 475 atque
897 395 997 459 relicto

311 481 383 543 orbe
397 479 484 560 lugan
499 480 571 543 llitis
587 483 658 562 petit
672 481 851 562 implacabile
866 499 998 560 regnum.

310 566 378 629 huic
393 585 493 628 comcs
509 566 531 628 it
546 567 704 629 summissa
719 568 805 629 Fides
821 567 944 629 et'crine
959 570 1056 632 soluto

309 652 421 714 lustitia
436 671 471 714 ac
486 671 620 715 maerens
635 653 727 714 lacera
744 653 908 715 Concordia
924 655 1006 732 palla.

309 745 338 800 at
354 747 468 809 contra,
484 739 568 800 sedes
584 738 669 800 Erebi
684 757 739 817 qua
754 747 838 817 rupta
855 739 990 814 delaiscr't,

225 840 274 891 255
309 825 431 902 emergit
445 823 500 884 late
515 824 586 885 Ditis
602 824 725 896 chorus,
740 823 859 884 horrida
874 825 979 906 Erinys

310 917 339 970 et
353 908 471 970 Bellona
488 910 585 970 minax
600 908 772 988 facibusque
786 919 895 970 armata
911 911 1042 989 Megaera

308 996 472 1074 Letumque
485 995 668 1074 Insidiaeque
682 1003 712 1055 et
725 994 816 1056 lurida
832 995 934 1056 Mortis
951 997 1056 1076 imago.

310 1099 382 1160 quas
400 1083 476 1141 inter
490 1081 601 1151 Furor,
616 1079 748 1160 abruptis
764 1099 817 1142 ceu
833 1080 904 1141 liber
920 1082 1055 1154 habenis,

308 1165 499 1245 sanguineum
516 1166 571 1227 late
585 1165 662 1227 tollit
676 1172 765 1244 caput
779 1184 888 1245 oraque
903 1167 980 1228 anile

223 1267 273 1318 noo
309 1251 476 1313 rarlneribns
493 1251 631 1312 confossa
648 1259 764 1312 cruenta
780 1251 893 1312 casside
909 1253 988 1314 velat.

307 1337 407 1398 haeret
422 1337 545 1398 detritus
560 1337 655 1398 laevae
668 1337 826 1398 Mavortius
842 1336 932 1398 undio

307 1423 569 1485 innumerabilibus
584 1423 649 1484 telis
663 1423 772 1502 gras-is,
788 1431 874 1502 atque
889 1422 1023 1500 llagranti

308 1509 407 1588 stipite
422 1509 520 1570 dextra
536 1509 632 1570 minan
647 1509 733 1569 terris
749 1507 881 1569 incendia
898 1516 1004 1588 portat.

351 1595 440 1656 sentit
453 1603 529 1655 terra
546 1595 617 1655 deos
634 1602 800 1674 uanumque
815 1595 909 1656 sidera
926 1595 1043 1674 pondus

224 1693 274 1744 265
309 1679 476 1759 quaesivere
492 1698 594 1751 suum,
609 1697 734 1759 nauaque
751 1679 849 1741 omnis
864 1680 942 1757 regia
958 1679 1026 1742 caeli

307 1764 337 1826 in
354 1764 444 1845 partis
461 1765 576 1826 diducta
592 1764 659 1826 ruit.
690 1766 877 1844 primumque
892 1766 983 1828 bione

308 1850 441 1912 Caesaris
456 1859 519 1913 acta
534 1850 580 1912 sui
595 1850 689 1922 ducit,
705 1869 807 1912 comas
821 1851 937 1914 additur
952 1851 993 1912 illi

308 1936 400 1998 Pallas
415 1944 445 1998 et
459 1936 604 2015 ingentem
620 1945 754 2017 quatiens
769 1936 926 1998 blavortius
942 1938 1064 2006 lmstam.

307 2021 442 2099 blagnum
459 2041 525 2083 cum
542 2021 661 2084 Phoebo
677 2040 764 2083 soror
778 2029 807 2084 et
820 2021 945 2102 Cyllenia
961 2022 1058 2103 proles

223 2123 273 2174 ato
308 2107 414 2188 exeipit
427 2107 544 2170 aetatis
559 2106 663 2170 similis
679 2107 849 2188 Tirynthius
864 2109 944 2170 actis.

349 2193 526 2256 intremuere
540 2195 628 2258 tubae
642 2213 677 2255 ac
691 2194 786 2256 scisso
802 2193 952 2256 Discordia
968 2193 1049 2258 crine

306 2279 408 2341 extulit
421 2281 456 2342 ad
473 2297 598 2360 superos
614 2279 746 2361 Stygium
763 2289 859 2359 caput
888 2281 975 2342 buius
990 2281 1020 2341 in
1037 2298 1088 2342 ore

306 2373 460 2427 concretus
475 2366 609 2446 sanguis,
622 2375 806 2444 contusaque
820 2365 929 2427 lumina
945 2366 1067 2428 llebant:

306 2450 423 2512 stabant
436 2452 523 2513 aerati
538 2451 641 2512 scabra
656 2450 788 2530 rubigine
803 2451 919 2520 dentes,

222 2552 271 2602 215
306 2537 374 2598 tabo
390 2535 486 2614 lingua
501 2538 609 2610 linens,
624 2536 745 2597 obsessa
760 2537 937 2597 draconibus
954 2554 1017 2610 ora,

307 2631 392 2700 atque
407 2622 482 2682 inter
497 2629 575 2682 torto
591 2622 743 2682 laceratam
760 2631 879 2701 pectore
895 2630 1002 2682 vestem

306 2706 494 2786 sanguineam
509 2707 631 2768 tremula
647 2706 793 2785 quatiebat
806 2707 937 2786 lampada
953 2708 1061 2770 dextra.

306 2793 378 2854 baec
391 2800 424 2854 ut
438 2791 535 2873 Cocyti
550 2792 685 2854 tenebras
701 2801 729 2854 et
744 2791 864 2854 Tartara
881 2793 977 2872 liquit,

305 2879 358 2940 alta
375 2878 448 2960 petit
462 2877 596 2958 gradiens
611 2878 676 2958 iuga
692 2879 800 2941 nobilis
817 2879 996 2958 Appennini,

221 2980 272 3031 280
306 2964 383 3027 unde
399 2983 502 3026 omnes
517 2974 611 3026 terras
626 2973 712 3045 atque
727 2964 824 3026 omnia
840 2965 923 3028 litora
939 2971 1041 3046 posset

306 3051 436 3131 aspicere
451 3070 485 3112 ac
499 3058 562 3113 toto
579 3050 724 3114 flatantes
742 3052 813 3113 orbe
828 3059 971 3125 catervas,

305 3144 391 3217 atque
406 3137 459 3198 bas
475 3136 603 3216 erumpit
616 3136 774 3198 furibundo
791 3146 910 3218 pectore
927 3154 1027 3198 voces:

278 3214 297 3240 “
305 3223 414 3284 sumite
429 3239 507 3284 nunc
522 3227 623 3300 gentes
638 3222 769 3284 accensis
785 3223 933 3284 mentibus
949 3241 1043 3294 arma,

305 3309 412 3369 sumite
427 3315 455 3370 et
469 3309 499 3369 in
515 3307 627 3369 medias
642 3308 789 3370 immittite
803 3308 952 3388 lampadas
964 3308 1065 3369 urbes.

222 3403 271 3455 285
306 3391 449 3465 vincetur,
465 3394 643 3473 quicumque
657 3394 738 3467 latet3
753 3412 814 3455 non
828 3393 936 3455 femina
952 3402 1060 3465 cesset,

305 3494 365 3538 non
382 3495 456 3556 ytucr
470 3488 520 3541 aut
534 3498 604 3540 aevo
620 3480 678 3542 iam
694 3479 823 3541 desolata
839 3487 989 3551 senectus3

305 3563 369 3642 ipsa
384 3571 491 3624 tremat
504 3564 590 3626 tellus
605 3565 785 3644 lacerataque
800 3572 874 3626 tecta
891 3563 1037 3626 rebellent.

304 3657 338 3710 tu
351 3648 459 3728 legem,
474 3649 616 3724 llarcelle,
631 3659 706 3712 tene.
737 3659 768 3712 tu
784 3657 908 3711 concute
923 3649 1050 3728 plebem,
1082 3679 1085 3686 ·

305 3733 401 3796 Curio.
432 3741 463 3796 tn
478 3734 585 3795 fortem
602 3753 640 3796 ne
656 3736 821 3816 supprime,
836 3735 971 3806 Lentule,
987 3735 1116 3798 Martem.

222 3835 271 3887 290
306 3821 375 3902 quid
391 3838 481 3901 porro
496 3828 541 3893 tu,
558 3820 634 3893 dire,
648 3820 706 3882 tuis
721 3820 866 3883 cunctaris
881 3819 911 3880 in
927 3820 1029 3895 armis,

304 3926 364 3970 non
380 3906 490 3986 frangis
506 3913 622 3986 portas,
638 3923 698 3966 non
714 3906 807 3966 matris
824 3903 931 3988 oppida
947 3906 1035 3970 solvis

229 4232 467 4306 Q
