2762 4344
487 345 501 360 ⁴
540 270 681 324 snrrnnn
1123 277 1163 342 33

129 417 215 488 ‘cum
230 425 329 488 adhuc
343 425 495 499 servirem,
510 425 711 490 habitabamus
727 425 757 488 in
772 426 836 488 vico
852 434 990 508 angustm
1011 445 1092 496 nunc
1106 429 1164 494 Ga·

43 513 128 574 villae
139 513 253 574 domus
268 519 323 572 est.
352 511 401 586 ibi,
416 513 567 591 quomodo
584 513 622 574 dii
638 513 751 586 volunt,
767 532 864 576 amare
875 515 959 596 coepi
970 533 1092 578 uxorem
1105 517 1164 580 Te·

45 599 132 661 rentii
150 596 294 677 coponis:
315 599 459 659 noveratis
475 598 620 660 Melissam
636 598 832 673 Tarentinam,
847 600 1078 679 pulcherrimum
1093 602 1165 666 bac·

47 686 194 747 ciballum.
227 683 279 744 sed
295 701 349 762 ego
365 701 425 746 non
442 685 620 746 mehercules
636 685 828 764 corporaliter
841 703 905 748 earn
917 695 968 748 aut
982 696 1104 769 propter
1114 707 1163 752 res

51 771 183 832 venerias
208 770 321 844 curavi,
341 769 391 830 sed
408 770 500 848 magis
520 771 600 849 quod
620 769 694 832 hene
713 778 825 832 morata
846 771 911 833 fuit.
941 773 967 834 si
983 773 1051 853 quid
1067 774 1103 836 ab
1118 775 1164 838 illa

46 857 126 938 petii,
141 873 296 934 nunquam
317 855 389 916 mihi
410 863 561 934 negatum3
581 856 648 917 iecit
662 875 775 931 assem,
790 857 944 918 semissem
960 853 1063 934 habui3
1083 863 1165 940 quic-

47 945 115 1023 qan'd
131 941 237 1014 hebrei,
264 940 294 1001 in
315 940 390 1000 illius
406 941 504 1002 sinum
521 941 705 1014 demandavi,
726 961 922 1023 necunquam
936 943 1035 1006 fefellit
1049 963 1163 1008 ussum.

46 1030 137 1090 huius
163 1025 383 1088 contubernalis
409 1027 444 1089 ad
465 1027 558 1088 villam
582 1046 752 1106 supremum
777 1028 852 1090 diem
877 1029 957 1092 obiit.
992 1029 1089 1109 itaque
1111 1049 1164 1111 per

52 1123 169 1175 scutum
184 1131 237 1192 par
252 1131 370 1174 ocream
386 1113 554 1191 ecraginavi,
568 1114 815 1192 quemadmodum
828 1115 863 1175 ad
874 1114 950 1176 illam
963 1116 1162 1194 pervenirem:

52 1201 81 1260 in
97 1198 239 1278 angustiis
263 1205 360 1260 autem
382 1198 466 1259 amici
488 1206 637 1279 apparent.
666 1200 743 1261 lorte
758 1200 896 1262 dominus
911 1200 1038 1280 Capuam
1054 1201 1164 1264 exierat
1179 1199 1219 1261 62

49 1286 84 1347 ad
105 1293 206 1346 scruta
226 1283 299 1346 scita
320 1284 506 1362 expedienda.
537 1292 640 1346 nactus
656 1303 709 1362 ego
726 1285 911 1347 occasionem
928 1285 1090 1366 persuadeo
1106 1287 1162 1348 ho-

48 1371 155 1452 spitem
172 1376 327 1443 nostrum,
343 1376 376 1430 ut
390 1388 506 1431 mecum
524 1369 559 1430 ad
575 1370 710 1450 quintum
726 1370 883 1432 miliarium
899 1371 1002 1434 veniat.
1032 1379 1096 1434 erat
1110 1391 1163 1434 au-

47 1465 107 1518 tem
128 1456 215 1518 miles
235 1455 323 1517 fortis
343 1462 481 1534 tanquam
497 1454 601 1518 Orcus
631 1455 823 1535 apoculamus
842 1474 898 1519 nos
921 1457 996 1520 circa
1011 1457 1162 1537 gallicinia,

51 1543 120 1604 luna
138 1541 256 1604 lucebat
274 1547 422 1619 tamquam
443 1541 570 1604 meridie.
600 1542 734 1603 venimus
755 1542 829 1603 iutra
850 1543 1039 1605 monimenta.
1070 1544 1161 1606 homo

51 1647 133 1690 meus
153 1627 254 1706 coepit
268 1627 304 1688 ad
321 1626 408 1687 stelas
424 1626 531 1701 lacere,
553 1627 602 1688 sed
620 1646 674 1706 ego
690 1645 723 1688 eo
739 1628 943 1691 cantabundus
960 1637 989 1692 et
1003 1629 1090 1692 stelas
1106 1648 1163 1693 nu-

23 1791 31 1798 ,
50 1733 139 1775 mero.
159 1713 268 1774 deinde
278 1719 312 1774 ut
322 1713 436 1792 respexi
448 1712 483 1773 ad
497 1714 643 1789 comitem,
654 1713 698 1774 ille
710 1713 789 1775 exuit
800 1733 832 1776 se
844 1722 873 1776 et
885 1716 983 1780 omnia
993 1715 1162 1778 vestimenta

48 1801 213 1862 secundum
230 1797 305 1858 viam
322 1798 430 1878 posuit.
460 1798 533 1858 mibi
548 1798 645 1860 anima
661 1799 690 1860 in
705 1818 778 1860 naso
795 1817 868 1874 esse,
885 1800 995 1863 stabam
1012 1808 1162 1880 tamquam

47 1894 196 1948 mortuus.
227 1891 258 1945 at
272 1883 318 1943 ille
335 1883 550 1945 circumminxit
561 1884 732 1946 vestimenta
749 1903 801 1946 sua
818 1892 847 1946 et
858 1886 955 1948 subito
967 1886 1054 1966 lupus
1066 1887 1161 1948 factus

50 1980 99 2033 est.
130 1971 225 2032 nolite
241 1988 289 2030 me
304 1969 394 2030 iocari
410 1977 524 2048 putare3
544 1976 577 2031 ut
591 1970 724 2044 mentiar,
738 1970 847 2032 nullius
862 1971 1072 2051 patrimonium
1088 1973 1161 2034 tanti

51 2058 132 2118 lacio.
158 2057 223 2130 sed,
241 2055 321 2134 quod
338 2073 490 2134 coeperam
507 2055 613 2129 dicere,
629 2063 786 2137 postquam
802 2056 891 2136 lupus
906 2057 1002 2119 lactus
1018 2064 1076 2129 est,
1093 2057 1160 2118 ulu·
1237 2055 1242 2060 '

53 2143 107 2202 lare
129 2141 225 2223 coepit
249 2140 327 2202 etin
347 2139 432 2201 silvas
454 2141 537 2219 fugit.
573 2159 627 2220 ego
648 2141 784 2221 primitus
807 2141 972 2202 nesciebam
989 2140 1037 2202 ubl
1053 2160 1160 2216 essem,

10 2303 16 2312 .
57 2228 157 2288 deinde
170 2226 297 2299 accessi,
317 2234 350 2287 ut
363 2227 533 2288 vestimenta
548 2226 611 2287 eius
626 2225 771 2287 tollerem:
786 2226 832 2286 illa
847 2233 943 2289 autem
959 2225 1071 2306 lapidea
1085 2227 1160 2289 laeta

55 2322 129 2374 sunt.
157 2315 206 2394 qui
227 2312 307 2373 mori
325 2311 431 2384 timore
451 2312 508 2372 nisi
531 2308 607 2389 ego?
637 2311 762 2390 gladium
779 2318 876 2372 tamen
893 2311 995 2373 strinxi
1011 2319 1040 2372 et
1054 2311 1083 2372 in
1099 2319 1160 2374 tota

53 2400 92 2459 via
119 2401 241 2462 umbras
269 2397 372 2469 cecidi,
394 2399 488 2459 donec
507 2397 543 2458 ad
563 2396 657 2458 villam
679 2395 787 2458 amicae
806 2416 888 2459 meae
906 2397 1097 2478 pervenirem.
1128 2405 1161 2459 ut

52 2485 122 2548 larva
136 2484 254 2557 intravi,
265 2501 359 2562 paene
375 2483 502 2544 animam
518 2482 642 2555 ebullivi,
659 2484 751 2545 sudor
766 2482 837 2543 mihi
852 2501 905 2563 per
919 2481 1063 2545 bifurcum
1080 2484 1160 2546 vola·
1245 2487 1250 2496 “

52 2569 109 2644 hat,
131 2571 208 2634 oculi
231 2567 356 2641 mortui,
377 2568 423 2630 vix
444 2586 573 2648 unquam
595 2568 720 2630 refectus
742 2586 817 2632 sum.
846 2568 960 2630 Melissa
981 2588 1045 2631 mea
1060 2569 1159 2631 mirari

52 2658 151 2736 coepit,
169 2655 251 2736 quod
266 2662 327 2716 tam
339 2671 406 2715 sero
419 2654 608 2727 ambularem,
625 2645 710 2716 et“si
721 2645 804 2716 ante''
821 2654 915 2734 inquit
926 2646 1085 2729 “venisses,
1102 2654 1160 2717 sal-

51 2749 105 2802 tem
121 2742 212 2806 nobis
230 2741 408 2814 adiutasses3
421 2739 509 2818 lupus
520 2740 598 2800 enim
611 2739 704 2800 villam
718 2739 835 2800 intravit
846 2748 875 2802 et
886 2740 985 2802 omnia
997 2759 1104 2820 pecora

55 2833 196 2908 tamquam
218 2825 315 2888 lanius
334 2825 506 2903 sanguinem
526 2825 579 2886 illis
600 2825 689 2887 misit.
721 2842 777 2887 neo
791 2833 889 2886 tamen
906 2825 1016 2898 derisit,
1032 2827 1118 2887 etiam
1135 2826 1159 2886 si

55 2911 135 2990 fugin
148 2931 252 2975 servus
265 2911 343 2972 enim
356 2917 457 2972 noster
467 2910 566 2971 lancea
578 2911 684 2971 collum
697 2910 760 2971 eius
772 2903 912 2970 traiecit.”
931 2911 1002 2972 haec
1013 2918 1045 2971 ut
1057 2911 1160 2983 audivi,

56 2999 163 3076 operire
180 2999 285 3060 oculos
301 2996 427 3077 amplius
443 3014 503 3057 non
518 2995 611 3075 potui,
628 2995 679 3056 sed
694 2995 757 3056 luce
774 2994 847 3055 clara
860 2995 912 3055 Gai
927 2995 1023 3056 nostri
1038 2996 1158 3055 domum

50 3082 107 3163 fugi
126 3093 270 3164 tanquam
290 3101 366 3162 copo
390 3081 577 3161 compilatus,
601 3088 629 3141 et
649 3087 806 3161 postquam
828 3079 891 3140 veni
911 3079 940 3140 in
956 3079 1035 3140 illum
1052 3079 1160 3154 locum,

50 3170 79 3229 in
98 3189 156 3250 quo
176 3169 291 3249 lapidea
312 3168 485 3230 vestimenta
504 3176 587 3229 erant
600 3167 691 3240 lacta,
707 3165 779 3227 nihil
794 3165 890 3226 inveni
906 3164 961 3227 nisi
976 3165 1159 3244 sanguinem.

50 3263 81 3316 ut
95 3275 163 3319 vero
179 3256 303 3318 domum
319 3253 395 3327 veni,
411 3251 522 3314 iacebat
537 3253 619 3314 miles
635 3270 719 3313 meus
735 3251 765 3312 in
782 3251 856 3312 lecto
870 3259 1008 3330 tanquam
1021 3251 1115 3325 bovis,
1133 3259 1161 3313 et

48 3341 154 3402 collum
173 3341 250 3402 illius
270 3339 406 3401 medicus
426 3337 555 3400 curabat.
582 3338 712 3400 intellexi
732 3337 811 3398 illum
828 3336 1008 3417 versipellem
1026 3357 1092 3400 esse
1108 3356 1162 3400 nec

49 3434 151 3505 postea
173 3447 240 3489 oum
263 3425 312 3486 illo
332 3443 437 3504 panem
453 3430 572 3502 gustare
587 3424 683 3503 potui,
699 3441 760 3485 non
777 3423 801 3483 si
816 3440 864 3482 me
880 3422 1047 3484 occidisses.
1080 3424 1159 3486 vide-

48 3513 106 3574 rr'ut
126 3512 265 3593 aliiquid
288 3512 324 3573 de
343 3511 401 3572 hoc
420 3509 634 3589 exopinissent3
654 3527 708 3588 ego
730 3508 755 3570 si
771 3507 913 3584 mentior,
930 3510 1031 3589 genios
1047 3517 1160 3572 vestros

48 3597 139 3659 iratos
153 3591 294 3660 habeam.²

134 3685 263 3746 attonitis
289 3682 484 3745 admiratione
508 3680 653 3742 universis
669 3671 778 3741 ‘salvo'
800 3680 895 3760 inquit
913 3670 981 3742 ‘tuo
1008 3665 1157 3742 sermone’
1176 3675 1215 3738 63

48 3768 225 3832 Trimalchio
243 3761 287 3830 ‘si
307 3785 364 3848 qua
385 3767 457 3828 fides
477 3775 535 3839 est,
556 3773 590 3826 ut
609 3764 679 3824 mihi
702 3766 751 3844 pili
772 3766 996 3836 inhorruerunt,
1017 3763 1082 3842 qula
1098 3762 1159 3824 scio

48 3855 220 3918 Niceronem
240 3855 314 3916 nihil
334 3870 477 3932 nugarum
494 3860 624 3913 narrare:
645 3850 737 3912 immo
754 3858 850 3912 certus
867 3857 911 3910 est
927 3857 955 3910 et
969 3847 1089 3910 minime
1104 3847 1160 3909 lin·

48 3959 170 4020 guosus.
199 3961 272 4005 uam
292 3947 321 4002 et
340 3939 404 4020 ipse
419 3937 502 4000 vobis
522 3955 585 3998 rom
601 3935 772 3998 horribilem
788 3933 923 3996 narrabo.
954 3931 1053 3994 asinus
1070 3931 1100 3996 in
1116 3941 1160 3997 te·

107 4038 198 4084 Petronii
212 4039 293 4084 satirae
941 4030 956 4082 ³
