2762 4344
203 259 244 323 28
508 306 512 316 l
538 251 541 257 ’
677 256 833 312 ιιιιοιιιι

200 405 296 476 ‘anno
318 399 431 493 priore'
450 412 545 492 inquit
563 405 735 477 actuarius‘
741 421 771 476 et
789 412 878 476 ideo
869 431 900 474 m
915 413 1057 475 rationem
1073 413 1207 492 nondum
1223 431 1312 476 vene-

202 507 283 562 runt.
262 490 475 560 t'excanduit
487 498 664 562 Trimalchio
681 490 730 560 et
732 490 907 598 quicunque?
921 499 1019 597 inquit
1026 487 1117 560 ‘mihi
1124 499 1209 562 fundi
1220 501 1313 580 empti

202 584 323 660 fuerint,
343 584 399 645 nisi
419 584 495 646 intra
510 591 625 646 sextum
642 603 775 646 mensem
790 586 900 657 sciero,
920 584 950 646 in
965 584 1096 647 rationes
1112 604 1192 646 meas
1208 585 1312 648 inferri

114 735 118 746 ,
202 661 307 732 vetuo?
335 669 393 730 iam
413 669 498 731 etiam
518 670 612 732 edicta
631 669 766 732 aedilium
787 671 982 733 recitabantur
1001 677 1030 731 et
1045 671 1251 734 saltuariorum
1267 679 1311 732 tc·

203 760 355 828 stamenta,
371 755 475 834 quibus
486 755 665 817 Trimalchio
678 774 745 818 cum
756 756 851 836 elogio
864 755 1105 831 exheredahatur3
1120 757 1177 818 iam
1190 757 1313 819 uomina

204 841 365 903 villicorum
381 847 410 901 et
423 841 574 921 repudiata
590 861 605 903 a
622 841 755 903 circitore
769 841 869 904 liberta
883 841 915 903 in
926 839 1104 904 balneatoris
1116 842 1310 904 coutubernio

204 927 383 1006 deprehensa
400 933 428 987 et
443 926 577 988 atriensis
592 926 675 989 Baias
690 927 848 1008 relegatum
862 927 919 989 iam
934 944 1003 989 reus
1017 927 1113 989 lactus
1125 927 1313 1007 dispensator

203 1019 231 1074 et
245 1007 384 1075 iudicium
399 1012 475 1073 inter
491 1012 682 1075 cubicularios
697 1018 803 1076 actum.

287 1096 482 1178 petauristarii
498 1104 594 1160 autem
609 1098 727 1160 tandem
743 1104 894 1159 venerunt.
924 1099 994 1160 baro
1010 1097 1228 1160 insulsissimus
1244 1118 1311 1162 oum

203 1183 288 1245 scalis
305 1182 438 1244 constitit
452 1201 635 1263 puemmque
650 1183 737 1246 iussit
750 1202 804 1262 per
818 1183 924 1263 gradus
937 1190 966 1245 ιι
976 1183 1006 1245 ιιι
1018 1202 1133 1245 summa
1145 1191 1228 1264 parte
1240 1186 1311 1246 oda-

203 1269 245 1331 ria
261 1268 375 1343 saltare,
390 1268 515 1330 circulos
531 1269 635 1330 deiude
650 1270 783 1331 ardentes
798 1269 924 1330 transire
938 1277 968 1330 et
981 1268 1116 1331 dentibus
1136 1271 1311 1350 amphoram

203 1355 358 1416 sustinere.
393 1353 552 1416 mirahatur
570 1355 642 1416 liaeo
663 1356 743 1417 solus
765 1355 941 1417 Trimalchio
968 1354 1139 1435 dicebatque
1163 1355 1310 1434 ingratum

203 1439 356 1502 artificium
373 1458 449 1501 esse.
480 1459 511 1502 oe
512 1447 606 1502 terum
621 1440 680 1502 duo
696 1459 761 1502 esse
775 1440 806 1501 in
820 1440 909 1502 rebus
925 1439 1062 1503 humanis
1079 1459 1155 1519 quae
1175 1441 1310 1502 libentis-

204 1525 277 1587 sime
294 1532 448 1622 spectaret
463 1526 685 1628 petauristarios
700 1533 728 1587 et
743 1526 921 1600 cornicines;
936 1525 1045 1629 reliqua
1060 1525 1211 1631 [animalia]
1226 1546 1310 1588 acro-

203 1618 299 1672 amata
317 1609 405 1676 trioas
428 1628 524 1672 meras
544 1629 617 1672 esse.
644 1601 729 1673 ‘nam
751 1618 781 1672 et
795 1603 966 1673 comoedos
983 1603 1098 1710 inquit‘
1105 1629 1248 1687 emeram,
1269 1620 1311 1674 set

203 1695 290 1757 malui
302 1694 409 1756 illosht
410 1695 533 1757 elianam
545 1696 649 1768 facere,
663 1703 691 1757 et
703 1696 860 1759 choraulen
872 1716 971 1760 meum
983 1697 1054 1759 iussi
1047 1697 1168 1759 'Latine
1178 1689 1311 1760 cantare?

147 1781 187 1842 54
289 1798 357 1842 curn
376 1781 502 1842 maximo
522 1782 594 1844 baec
614 1781 728 1843 dicente
742 1781 814 1843 Gaio
830 1800 904 1882 pqer
916 1827 1004 1844 .....
1017 1783 1244 1846 Trimalchionis
1260 1784 1311 1845 de-

203 1867 303 1947 lapsus
319 1873 372 1928 est.
404 1867 594 1928 conclamavit
612 1866 732 1941 familia,
753 1885 807 1929 nec
827 1868 924 1930 minus
941 1869 1091 1942 convivae,
1113 1885 1175 1930 non
1190 1876 1312 1949 propter

203 1952 354 2014 hominem
373 1958 432 2013 tarn
453 1952 599 2032 putidum,
619 1952 701 2015 cuius
717 1960 746 2014 et
759 1953 885 2015 cervices
900 1954 1005 2016 fractas
1021 1954 1146 2015 libenter
1159 1955 1311 2030 uidissent,

203 2038 254 2100 sed
280 2044 402 2118 propter
421 2038 529 2101 malum
550 2039 659 2100 exitum
683 2057 785 2122 cenae,
819 2057 856 2100 ne
874 2057 994 2101 necesse
1018 2040 1160 2101 haherent
1185 2040 1311 2104 alienum

202 2130 355 2185 mortuum
370 2124 494 2202 plorare.
520 2125 585 2204 ipse
594 2123 772 2186 Trimalchio
789 2143 855 2186 cum
868 2125 992 2204 graviter
1003 2124 1195 2205 ingemuisset
1207 2145 1312 2206 super-

203 2228 260 2289 que
280 2210 432 2271 brachium
453 2217 591 2290 tanquam
612 2209 723 2271 laesum
739 2210 934 2284 incubuisset,
958 2229 1132 2272 concurrere
1148 2211 1264 2287 medici,
1285 2219 1312 2274 et

201 2296 279 2356 inter
298 2295 412 2375 primos
432 2295 590 2358 Fortunata
611 2295 739 2356 crinibus
760 2296 857 2376 passis
879 2314 945 2357 curn
964 2297 1090 2376 scypho,
1115 2297 1312 2378 miseramque

205 2399 237 2442 se
258 2388 343 2459 atque
362 2380 506 2442 infelicem
528 2380 725 2460 proclamavit.
756 2399 823 2442 nam
845 2399 920 2460 puer
939 2380 1071 2460 quidem,
1092 2381 1141 2461 qui
1163 2383 1312 2460 ceciderat,

204 2465 375 2527 circumibat
395 2465 452 2526 iam
473 2465 584 2526 dudum
605 2465 695 2544 pedes
715 2472 835 2527 nostros
851 2473 880 2527 el
894 2465 1068 2528 missionem
1084 2467 1215 2546 rogabat.
1244 2488 1312 2549 pes·

203 2551 277 2612 sime
293 2551 365 2610 mihi
380 2558 450 2623 crat,
466 2568 504 2611 ne
518 2551 564 2611 his
580 2550 717 2630 precibus
731 2551 861 2630 periculo
877 2561 975 2613 nostru
992 2553 1098 2632 aliquid
1111 2556 1312 2634 catastrophae

203 2641 399 2715 quaereretur.
429 2653 485 2696 nec
500 2635 577 2696 enim
594 2636 689 2698 adhuc
700 2635 845 2698 exciderat
857 2655 944 2698 cocus
956 2637 1018 2711 ille,
1036 2638 1085 2718 qui
1101 2638 1208 2700 oblitus
1220 2640 1310 2702 luerat

202 2738 326 2800 porcum
340 2721 509 2782 exinterare.
541 2722 636 2800 itaque
650 2728 746 2782 toturn
760 2721 983 2802 circumspicere
997 2723 1154 2785 triclinium
1167 2727 1263 2806 coepi,
1278 2745 1313 2788 ne

203 2824 257 2886 per
268 2806 409 2886 parietem
422 2813 601 2868 automatum
615 2806 730 2888 aliquod
742 2807 841 2880 exiret,
852 2806 953 2887 utique
964 2815 1120 2888 postquam
1133 2829 1237 2872 servus
1250 2830 1313 2873 rer-

203 2892 300 2954 berari
313 2891 418 2971 coepit,
432 2893 482 2971 qui
493 2891 645 2954 brachium
660 2891 772 2955 domini
784 2901 940 2955 contusum
954 2894 1017 2955 alba
1029 2895 1128 2975 potius
1141 2914 1229 2975 quam
1243 2916 1313 2960 con-

204 2977 325 3058 chyliata
339 2977 497 3040 involverat
511 2978 585 3040 lana.
612 2995 667 3039 nec
681 2978 766 3057 longe
781 2978 922 3040 aberravit
937 2979 1061 3059 suspitio
1078 2998 1156 3055 mea3
1176 2980 1207 3042 in
1223 2984 1314 3044 vicem

203 3064 281 3126 enim
291 3063 646 3144 poenaevenitdecretum
654 3063 956 3144 Trimalchionis'quo
965 3082 1089 3144 puerum
1098 3065 1314 3129 iussitliberum

204 3168 283 3222 esse,
303 3167 341 3210 ne
361 3150 426 3229 quis
448 3156 551 3230 posset
566 3148 663 3211 dicere
677 3156 740 3210 tant
740 3167 790 3210 um
806 3150 899 3211 virum
912 3169 977 3211 esse
992 3169 1007 3210 a
1023 3170 1107 3212 servo
1122 3152 1315 3216 volneratum.

149 3234 188 3294 55
291 3235 519 3332 comprobamus
535 3253 590 3297 uos
602 3235 764 3296 factumst
735 3241 888 3339 etquam
888 3235 916 3297 in
933 3235 1082 3332 praecipiti
1101 3255 1148 3298 res
1168 3237 1315 3301 humanae

148 3318 157 3324 ”
205 3325 317 3392 essent,
347 3321 427 3381 vario
456 3339 593 3382 sermone
620 3319 774 3420 garrimus
820 3312 888 3382 ita'
917 3321 1011 3424 inquit
1036 3319 1246 3384 Trimalchio‘
1253 3343 1315 3388 uon

207 3409 325 3482 oportet
343 3406 423 3466 bunc
437 3425 535 3468 casum
553 3406 617 3468 sine
631 3405 823 3487 inscriptione
837 3399 975 3468 transire’
990 3407 1146 3505 statimque
1162 3409 1314 3472 codicillos

205 3489 371 3569 poposcite
355 3498 459 3552 etnou
477 3491 526 3552 diu
542 3491 717 3570 cogitatione
733 3492 792 3553 dist
779 3499 856 3554 torta
871 3493 943 3554 haec
957 3493 1098 3555 recitavit:

351 3567 444 3655 quod
459 3593 519 3636 non
535 3584 680 3656 expectes,
696 3597 730 3638 ex
745 3584 912 3639 transverso
928 3578 1020 3644 ιιι...

365 3668 435 3722 ..et
448 3679 538 3740 supra
552 3679 608 3722 nos
624 3663 755 3723 Fortuna
770 3661 886 3742 negotia
902 3669 993 3725 curat.

406 3764 495 3826 quare
510 3746 546 3808 da
561 3746 687 3808 nohis
663 3765 726 3808 rma
742 3747 876 3821 Falerna,
892 3741 984 3828 puer.³

291 3831 326 3893 ab
341 3833 400 3893 hoo
414 3832 623 3912 epigrammate
639 3833 735 3912 coepit
749 3839 901 3913 poetarum
918 3851 983 3895 esse
999 3833 1109 3896 mentio
