2728 4344
176 257 237 326 114
366 319 374 334 ‚
654 252 802 312 cunum

259 431 275 480 5
317 415 484 492 rumpatur,
499 432 619 492 precor,
635 433 728 494 usque
743 413 929 494 mentulaque

316 499 493 579 nequiquam
509 499 566 562 sibi
580 499 679 580 pulset
692 500 873 563 umbilicum.

676 688 783 750 XXIIII

317 790 372 852 Hic
385 809 433 851 me
448 791 599 852 custodem
614 791 732 853 fecundi
746 791 847 852 vilicus
863 792 942 853 horti

359 877 487 937 mandati
503 896 602 938 curam
617 877 703 938 iussit
717 875 822 938 habere
836 877 902 938 luci.

316 961 364 1022 fur
378 962 484 1023 habeas
501 980 640 1040 poenam,
656 961 724 1022 lieet
735 961 886 1040 indignere
897 954 1066 1041 ‘feram'que

356 1040 494 1126 ‘prepter
509 1039 588 1108 elus'
602 1046 681 1108 dicas
694 1038 767 1109 ‘boc
782 1039 871 1126 ege?
883 1037 1024 1129 ‘propter
1039 1037 1128 1110 olus’.

687 1235 765 1295 XXV

317 1336 380 1398 Hoc
391 1344 553 1416 sceptrum,
570 1336 650 1414 quod
666 1337 701 1398 ab
718 1336 822 1398 arbore
837 1345 869 1398 ut
883 1337 1009 1399 recisum
1026 1344 1080 1413 est,

316 1422 394 1483 nulla
409 1423 466 1482 iem
481 1422 590 1502 poterit
604 1423 696 1482 virere
710 1421 832 1495 fronde;

318 1513 481 1586 sceptrum,
498 1507 575 1586 qued
592 1507 722 1587 pathicae
737 1514 841 1587 petunt
856 1509 979 1588 puellae,

318 1594 396 1672 quod
414 1592 530 1670 quidam
547 1593 669 1672 eupiunt
683 1599 783 1654 tenere
797 1611 896 1672 reges,

319 1678 365 1738 cui
381 1678 451 1740 dant
466 1677 565 1738 escula
580 1678 695 1739 nobiles
711 1677 837 1751 cinaedi,

318 1763 393 1823 intra
407 1762 516 1822 viscera
531 1762 604 1823 iuris
621 1763 672 1823 ibit
687 1781 781 1842 usque

318 1847 352 1910 ad
369 1846 476 1927 pubem
492 1848 686 1928 capulumque
702 1848 860 1910 ccleerum.

684 2035 775 2098 XXVI

319 2137 414 2197 Porro
430 2154 555 2198 —nam
571 2135 636 2216 quis
652 2135 707 2197 erit
721 2135 854 2198 medus?
869 2171 911 2182 —-
927 2137 1072 2213 Quirites,

319 2230 369 2283 aut
383 2221 539 2301 praecidite
554 2221 693 2282 semiuale
709 2222 890 2296 membrum,

319 2308 398 2387 quod
412 2306 483 2368 tutis
499 2307 571 2368 mibi
586 2307 721 2367 nectibus
736 2307 858 2386 fatigant

319 2391 429 2453 vicinae
445 2392 509 2453 sine
524 2393 581 2453 line
596 2392 761 2471 prurientes

320 2477 416 2538 vernis
431 2478 601 2556 passeribus
618 2476 785 2550 salaciores,

320 2570 370 2624 aut
385 2581 505 2641 rumpar
519 2581 574 2624 nec
587 2561 730 2623 babebitis
745 2562 893 2642 Priapum.

319 2646 377 2726 ipsi
393 2647 523 2721 cernitis,
538 2647 683 2708 ecfututus
698 2654 731 2708 ut
747 2648 803 2707 sim

320 2732 529 2812 confectusque
540 2751 694 2811 mecerque
709 2733 905 2812 pallidasque,

320 2817 370 2896 qui
387 2818 533 2897 quendam
549 2817 636 2879 ruber
651 2826 680 2879 et
694 2818 790 2878 valens
806 2818 935 2880 solebam

320 2901 400 2964 fures
416 2903 535 2964 caedere
549 2903 708 2982 quamlibet
721 2905 857 2966 valentes.

321 2987 426 3049 deiecit
440 2989 513 3050 latus
530 2997 559 3050 et
572 2989 767 3068 periculosam

321 3091 387 3133 cum
403 3073 476 3135 tussi
492 3075 581 3136 miser
597 3093 690 3152 expuo
708 3074 838 3136 salivam.

679 3260 783 3323 XXVII

319 3360 443 3423 Deliciae
459 3361 576 3442 populi,
592 3381 698 3443 magne
714 3363 869 3424 notissima
885 3362 961 3425 circo

363 3447 497 3520 (lumba,
514 3448 640 3509 vibratas
657 3449 742 3509 docte
759 3467 875 3510 movere
890 3457 983 3520 netes,

320 3531 447 3612 cymbala
463 3551 529 3593 curn
546 3533 678 3606 metelle,
694 3533 852 3614 pruriginis
868 3552 961 3607 arura,
977 3533 1084 3611 Priapo

362 3617 488 3697 penitet
502 3618 625 3681 adducta
640 3626 776 3698 tympana
791 3620 876 3698 pulsa
890 3637 994 3680 manu:

262 3719 276 3768 5
321 3720 376 3782 pre
393 3702 515 3782 quibus,
531 3711 564 3765 ut
579 3721 697 3782 semper
711 3704 823 3784 placeat
838 3703 1051 3784 spectantibus,
1068 3708 1146 3776 crat,

361 3795 498 3870 lentaque
512 3788 548 3850 ad
565 3789 729 3868 exemplum
746 3789 784 3850 sit
799 3809 851 3850 sua
867 3788 950 3850 turba
966 3788 1021 3848 dei.
