<?xml version="1.0" encoding="UTF-8"?>
<!DOCTYPE html PUBLIC "-//W3C//DTD XHTML 1.0 Transitional//EN"
    "http://www.w3.org/TR/xhtml1/DTD/xhtml1-transitional.dtd">
<html xmlns="http://www.w3.org/1999/xhtml" xml:lang="en" lang="en">
 <head>
  <title>
</title>
<meta http-equiv="Content-Type" content="text/html;charset=utf-8" />
  <meta name='ocr-system' content='tesseract 3.04.00' />
  <meta name='ocr-capabilities' content='ocr_page ocr_carea ocr_par ocr_line ocrx_word'/>
</head>
<body>
  <div class='ocr_page' id='page_1' title='image "./satirarumreliqu00arbigoog_0137.png"; bbox 0 0 2728 4344; ppageno 0'>
   <div class='ocr_carea' id='block_1_1' title="bbox 656 200 861 266">
    <p class='ocr_par' dir='ltr' id='par_1_1' title="bbox 656 200 861 266">
     <span class='ocr_line' id='line_1_1' title="bbox 656 200 861 266; baseline -0.005 -2"><span class='ocrx_word' id='word_1_1' title='bbox 656 211 805 266; x_wconf 72' lang='lat' dir='ltr'>cannula</span> <span class='ocrx_word' id='word_1_2' title='bbox 858 200 861 208; x_wconf 54' lang='lat'><strong>¹</strong></span> 
     </span>
    </p>
   </div>
   <div class='ocr_carea' id='block_1_2' title="bbox 382 367 1007 535">
    <p class='ocr_par' dir='ltr' id='par_1_2' title="bbox 382 367 1007 535">
     <span class='ocr_line' id='line_1_2' title="bbox 382 367 987 449; baseline 0 -19"><span class='ocrx_word' id='word_1_3' title='bbox 382 375 412 430; x_wconf 87' lang='lat' dir='ltr'>at</span> <span class='ocrx_word' id='word_1_4' title='bbox 428 376 461 430; x_wconf 88' lang='lat' dir='ltr'>tu</span> <span class='ocrx_word' id='word_1_5' title='bbox 476 367 579 429; x_wconf 88' lang='lat' dir='ltr'>sacrati</span> <span class='ocrx_word' id='word_1_6' title='bbox 595 375 749 430; x_wconf 88' lang='lat' dir='ltr'>contentus</span> <span class='ocrx_word' id='word_1_7' title='bbox 765 367 890 447; x_wconf 81' lang='lat' dir='ltr'><strong>imagine</strong></span> <span class='ocrx_word' id='word_1_8' title='bbox 905 369 987 449; x_wconf 89' lang='lat' dir='ltr'>pomi</span> 
     </span>
     <span class='ocr_line' id='line_1_3' title="bbox 425 453 1007 535; baseline 0.002 -19"><span class='ocrx_word' id='word_1_9' title='bbox 425 453 471 516; x_wconf 82' lang='lat' dir='ltr'>fac</span> <span class='ocrx_word' id='word_1_10' title='bbox 485 471 570 514; x_wconf 90' lang='lat' dir='ltr'>veros</span> <span class='ocrx_word' id='word_1_11' title='bbox 585 455 698 516; x_wconf 88' lang='lat' dir='ltr'>fructus</span> <span class='ocrx_word' id='word_1_12' title='bbox 715 454 775 528; x_wconf 89' lang='lat' dir='ltr'>ille,</span> <span class='ocrx_word' id='word_1_13' title='bbox 791 454 909 535; x_wconf 80' lang='lat' dir='ltr'>Priape,</span> <span class='ocrx_word' id='word_1_14' title='bbox 926 455 1007 517; x_wconf 87' lang='lat' dir='ltr'>ferat.</span> 
     </span>
    </p>
   </div>
   <div class='ocr_carea' id='block_1_3' title="bbox 575 623 906 694">
    <p class='ocr_par' dir='ltr' id='par_1_3' title="bbox 575 623 906 694">
     <span class='ocr_line' id='line_1_4' title="bbox 575 623 906 694; baseline -0.012 -6"><span class='ocrx_word' id='word_1_15' title='bbox 575 681 583 688; x_wconf 91' lang='lat'>.</span> <span class='ocrx_word' id='word_1_16' title='bbox 660 623 806 684; x_wconf 87' lang='lat' dir='ltr'>XXlllllll</span> <span class='ocrx_word' id='word_1_17' title='bbox 903 691 906 694; x_wconf 10' lang='grc' dir='ltr'><em>Α</em></span> 
     </span>
    </p>
   </div>
   <div class='ocr_carea' id='block_1_4' title="bbox 379 722 949 1051">
    <p class='ocr_par' dir='ltr' id='par_1_4' title="bbox 379 722 949 1051">
     <span class='ocr_line' id='line_1_5' title="bbox 379 722 945 802; baseline 0.002 -18"><span class='ocrx_word' id='word_1_18' title='bbox 379 722 474 784; x_wconf 82' lang='lat' dir='ltr'>Nolite</span> <span class='ocrx_word' id='word_1_19' title='bbox 491 722 602 795; x_wconf 90' lang='lat' dir='ltr'>omnia,</span> <span class='ocrx_word' id='word_1_20' title='bbox 619 741 692 801; x_wconf 89' lang='lat' dir='ltr'>quae</span> <span class='ocrx_word' id='word_1_21' title='bbox 706 723 824 801; x_wconf 89' lang='lat' dir='ltr'>loquor,</span> <span class='ocrx_word' id='word_1_22' title='bbox 841 731 945 802; x_wconf 88' lang='lat' dir='ltr'>putare</span> 
     </span>
     <span class='ocr_line' id='line_1_6' title="bbox 380 807 949 888; baseline 0.002 -20"><span class='ocrx_word' id='word_1_23' title='bbox 380 825 434 888; x_wconf 88' lang='lat' dir='ltr'>per</span> <span class='ocrx_word' id='word_1_24' title='bbox 449 808 546 869; x_wconf 93' lang='lat' dir='ltr'>lusum</span> <span class='ocrx_word' id='word_1_25' title='bbox 563 807 634 867; x_wconf 92' lang='lat' dir='ltr'>mihi</span> <span class='ocrx_word' id='word_1_26' title='bbox 646 825 698 886; x_wconf 91' lang='lat' dir='ltr'>per</span> <span class='ocrx_word' id='word_1_27' title='bbox 713 808 868 886; x_wconf 87' lang='lat' dir='ltr'>iocumque</span> <span class='ocrx_word' id='word_1_28' title='bbox 883 809 949 869; x_wconf 91' lang='lat' dir='ltr'>dici.</span> 
     </span>
     <span class='ocr_line' id='line_1_7' title="bbox 382 893 943 972; baseline 0.002 -19"><span class='ocrx_word' id='word_1_29' title='bbox 382 893 545 972; x_wconf 88' lang='lat' dir='ltr'>deprensos</span> <span class='ocrx_word' id='word_1_30' title='bbox 561 910 614 969; x_wconf 80' lang='lat' dir='ltr'>ego</span> <span class='ocrx_word' id='word_1_31' title='bbox 629 899 675 952; x_wconf 90' lang='lat' dir='ltr'>ter</span> <span class='ocrx_word' id='word_1_32' title='bbox 691 900 849 972; x_wconf 76' lang='lat' dir='ltr'>quaterque</span> <span class='ocrx_word' id='word_1_33' title='bbox 863 893 943 954; x_wconf 86' lang='lat' dir='ltr'>fures</span> 
     </span>
     <span class='ocr_line' id='line_1_8' title="bbox 381 977 895 1051; baseline 0.002 -13"><span class='ocrx_word' id='word_1_34' title='bbox 381 997 500 1051; x_wconf 79' lang='lat' dir='ltr'>omnen,</span> <span class='ocrx_word' id='word_1_35' title='bbox 515 995 553 1038; x_wconf 90' lang='lat' dir='ltr'>ne</span> <span class='ocrx_word' id='word_1_36' title='bbox 569 977 720 1048; x_wconf 82' lang='lat' dir='ltr'>dubitetis,</span> <span class='ocrx_word' id='word_1_37' title='bbox 737 977 895 1039; x_wconf 82' lang='lat' dir='ltr'>irrumalro.</span> 
     </span>
    </p>
   </div>
   <div class='ocr_carea' id='block_1_5' title="bbox 655 1147 812 1208">
    <p class='ocr_par' dir='ltr' id='par_1_5' title="bbox 655 1147 812 1208">
     <span class='ocr_line' id='line_1_9' title="bbox 655 1147 812 1208; baseline 0 -1"><span class='ocrx_word' id='word_1_38' title='bbox 655 1147 812 1208; x_wconf 87' lang='lat' dir='ltr'>XXXXllll</span> 
     </span>
    </p>
   </div>
   <div class='ocr_carea' id='block_1_6' title="bbox 381 1248 1266 1567">
    <p class='ocr_par' dir='ltr' id='par_1_6' title="bbox 384 1248 1266 1415">
     <span class='ocr_line' id='line_1_10' title="bbox 384 1248 1266 1332; baseline 0.01 -23"><span class='ocrx_word' id='word_1_39' title='bbox 384 1248 460 1310; x_wconf 90' lang='lat' dir='ltr'>Velle</span> <span class='ocrx_word' id='word_1_40' title='bbox 475 1249 543 1328; x_wconf 81' lang='lat' dir='ltr'>quid</span> <span class='ocrx_word' id='word_1_41' title='bbox 560 1249 638 1310; x_wconf 88' lang='lat' dir='ltr'>hanc</span> <span class='ocrx_word' id='word_1_42' title='bbox 653 1250 746 1323; x_wconf 90' lang='lat' dir='ltr'>dicas,</span> <span class='ocrx_word' id='word_1_43' title='bbox 762 1250 893 1328; x_wconf 87' lang='lat' dir='ltr'>quamvis</span> <span class='ocrx_word' id='word_1_44' title='bbox 910 1251 965 1311; x_wconf 89' lang='lat' dir='ltr'>sim</span> <span class='ocrx_word' id='word_1_45' title='bbox 982 1250 1109 1330; x_wconf 72' lang='lat' dir='ltr'>lignem,</span> <span class='ocrx_word' id='word_1_46' title='bbox 1126 1254 1266 1332; x_wconf 89' lang='lat' dir='ltr'>hastam,</span> 
     </span>
     <span class='ocr_line' id='line_1_11' title="bbox 424 1334 1031 1415; baseline 0.005 -21"><span class='ocrx_word' id='word_1_47' title='bbox 424 1335 522 1395; x_wconf 88' lang='lat' dir='ltr'>oscula</span> <span class='ocrx_word' id='word_1_48' title='bbox 538 1334 586 1396; x_wconf 82' lang='lat' dir='ltr'>dat</span> <span class='ocrx_word' id='word_1_49' title='bbox 601 1335 739 1395; x_wconf 88' lang='lat' dir='ltr'>mediosi</span> <span class='ocrx_word' id='word_1_50' title='bbox 756 1353 810 1414; x_wconf 90' lang='lat' dir='ltr'>qna</span> <span class='ocrx_word' id='word_1_51' title='bbox 827 1335 920 1415; x_wconf 89' lang='lat' dir='ltr'>puella</span> <span class='ocrx_word' id='word_1_52' title='bbox 936 1335 1031 1398; x_wconf 81' lang='lat' dir='ltr'>mihi?</span> 
     </span>
    </p>

    <p class='ocr_par' dir='ltr' id='par_1_7' title="bbox 381 1412 1189 1567">
     <span class='ocr_line' id='line_1_12' title="bbox 381 1412 1189 1524; baseline 0.005 -44"><span class='ocrx_word' id='word_1_53' title='bbox 381 1421 565 1524; x_wconf 67' lang='lat' dir='ltr'>aupnre‘non</span> <span class='ocrx_word' id='word_1_54' title='bbox 582 1438 657 1498; x_wconf 90' lang='lat' dir='ltr'>opus</span> <span class='ocrx_word' id='word_1_55' title='bbox 674 1428 732 1481; x_wconf 89' lang='lat' dir='ltr'>est:</span> <span class='ocrx_word' id='word_1_56' title='bbox 746 1413 795 1480; x_wconf 85' lang='lat' dir='ltr'>‘in</span> <span class='ocrx_word' id='word_1_57' title='bbox 811 1412 869 1481; x_wconf 81' lang='lat' dir='ltr'>me&#39;</span> <span class='ocrx_word' id='word_1_58' title='bbox 886 1421 958 1482; x_wconf 81' lang='lat' dir='ltr'>milri</span> <span class='ocrx_word' id='word_1_59' title='bbox 974 1421 1096 1498; x_wconf 80' lang='lat' dir='ltr'>credite,</span> <span class='ocrx_word' id='word_1_60' title='bbox 1113 1423 1189 1485; x_wconf 81' lang='lat' dir='ltr'>dixit</span> 
     </span>
     <span class='ocr_line' id='line_1_13' title="bbox 433 1497 952 1567; baseline 0.004 -2"><span class='ocrx_word' id='word_1_61' title='bbox 433 1512 529 1566; x_wconf 89' lang='lat' dir='ltr'>utetur</span> <span class='ocrx_word' id='word_1_62' title='bbox 543 1505 618 1566; x_wconf 91' lang='lat' dir='ltr'>veris</span> <span class='ocrx_word' id='word_1_63' title='bbox 634 1505 738 1566; x_wconf 91' lang='lat' dir='ltr'>usibus</span> <span class='ocrx_word' id='word_1_64' title='bbox 754 1506 835 1567; x_wconf 87' lang='lat' dir='ltr'>hasta</span> <span class='ocrx_word' id='word_1_65' title='bbox 852 1497 952 1567; x_wconf 72' lang='lat' dir='ltr'>rudis.²</span> 
     </span>
    </p>
   </div>
   <div class='ocr_carea' id='block_1_7' title="bbox 673 1675 805 1735">
    <p class='ocr_par' dir='ltr' id='par_1_8' title="bbox 673 1675 805 1735">
     <span class='ocr_line' id='line_1_14' title="bbox 673 1675 805 1735; baseline 0 -1"><span class='ocrx_word' id='word_1_66' title='bbox 673 1675 805 1735; x_wconf 88' lang='lat' dir='ltr'>XXXXV</span> 
     </span>
    </p>
   </div>
   <div class='ocr_carea' id='block_1_8' title="bbox 379 1776 1027 2112">
    <p class='ocr_par' dir='ltr' id='par_1_9' title="bbox 384 1776 961 1942">
     <span class='ocr_line' id='line_1_15' title="bbox 384 1776 961 1856; baseline 0.002 -18"><span class='ocrx_word' id='word_1_67' title='bbox 384 1776 455 1838; x_wconf 83' lang='lat' dir='ltr'>Cum</span> <span class='ocrx_word' id='word_1_68' title='bbox 472 1777 618 1856; x_wconf 87' lang='lat' dir='ltr'>quendam</span> <span class='ocrx_word' id='word_1_69' title='bbox 635 1777 746 1854; x_wconf 84' lang='lat' dir='ltr'>rigidus</span> <span class='ocrx_word' id='word_1_70' title='bbox 763 1777 834 1838; x_wconf 92' lang='lat' dir='ltr'>deus</span> <span class='ocrx_word' id='word_1_71' title='bbox 851 1777 961 1840; x_wconf 83' lang='lat' dir='ltr'>videret</span> 
     </span>
     <span class='ocr_line' id='line_1_16' title="bbox 384 1862 861 1942; baseline -0.002 -18"><span class='ocrx_word' id='word_1_72' title='bbox 384 1863 505 1924; x_wconf 85' lang='lat' dir='ltr'>ferventi</span> <span class='ocrx_word' id='word_1_73' title='bbox 522 1870 608 1942; x_wconf 86' lang='lat' dir='ltr'>caput</span> <span class='ocrx_word' id='word_1_74' title='bbox 622 1863 751 1923; x_wconf 90' lang='lat' dir='ltr'>ustulare</span> <span class='ocrx_word' id='word_1_75' title='bbox 766 1862 861 1935; x_wconf 88' lang='lat' dir='ltr'>ferro,</span> 
     </span>
    </p>

    <p class='ocr_par' dir='ltr' id='par_1_10' title="bbox 383 1947 896 2026">
     <span class='ocr_line' id='line_1_17' title="bbox 383 1947 896 2026; baseline 0 -18"><span class='ocrx_word' id='word_1_76' title='bbox 383 1955 415 2008; x_wconf 88' lang='lat' dir='ltr'>ut</span> <span class='ocrx_word' id='word_1_77' title='bbox 429 1948 544 2009; x_wconf 82' lang='lat' dir='ltr'>Maurae</span> <span class='ocrx_word' id='word_1_78' title='bbox 561 1947 661 2009; x_wconf 88' lang='lat' dir='ltr'>similis</span> <span class='ocrx_word' id='word_1_79' title='bbox 677 1947 755 2008; x_wconf 85' lang='lat' dir='ltr'>foret</span> <span class='ocrx_word' id='word_1_80' title='bbox 770 1947 896 2026; x_wconf 87' lang='lat' dir='ltr'>puellae,</span> 
     </span>
    </p>

    <p class='ocr_par' dir='ltr' id='par_1_11' title="bbox 379 2023 1027 2112">
     <span class='ocr_line' id='line_1_18' title="bbox 379 2023 1027 2112; baseline 0 -18"><span class='ocrx_word' id='word_1_81' title='bbox 379 2023 483 2094; x_wconf 85' lang='lat' dir='ltr'>‘heus&#39;</span> <span class='ocrx_word' id='word_1_82' title='bbox 498 2033 592 2112; x_wconf 86' lang='lat' dir='ltr'>iuquit</span> <span class='ocrx_word' id='word_1_83' title='bbox 603 2025 671 2094; x_wconf 84' lang='lat' dir='ltr'>ttibi</span> <span class='ocrx_word' id='word_1_84' title='bbox 687 2032 827 2107; x_wconf 86' lang='lat' dir='ltr'>dicimus,</span> <span class='ocrx_word' id='word_1_85' title='bbox 842 2033 973 2106; x_wconf 80' lang='lat' dir='ltr'>cinaede,</span> <span class='ocrx_word' id='word_1_86' title='bbox 1024 2043 1027 2049; x_wconf 82' lang='grc'>’</span> 
     </span>
    </p>
   </div>
   <div class='ocr_carea' id='block_1_9' title="bbox 382 2118 1070 2368">
    <p class='ocr_par' dir='ltr' id='par_1_12' title="bbox 382 2118 1070 2368">
     <span class='ocr_line' id='line_1_19' title="bbox 384 2118 912 2201; baseline -0.004 -21"><span class='ocrx_word' id='word_1_87' title='bbox 384 2137 452 2180; x_wconf 88' lang='lat' dir='ltr'>uras</span> <span class='ocrx_word' id='word_1_88' title='bbox 467 2126 496 2179; x_wconf 85' lang='lat' dir='ltr'>te</span> <span class='ocrx_word' id='word_1_89' title='bbox 510 2118 576 2180; x_wconf 89' lang='lat' dir='ltr'>licet</span> <span class='ocrx_word' id='word_1_90' title='bbox 590 2137 685 2198; x_wconf 92' lang='lat' dir='ltr'>usque</span> <span class='ocrx_word' id='word_1_91' title='bbox 701 2127 912 2201; x_wconf 73' lang='lat' dir='ltr'>torquemque,</span> 
     </span>
     <span class='ocr_line' id='line_1_20' title="bbox 382 2204 1032 2283; baseline -0.002 -18"><span class='ocrx_word' id='word_1_92' title='bbox 382 2222 453 2265; x_wconf 91' lang='lat' dir='ltr'>num</span> <span class='ocrx_word' id='word_1_93' title='bbox 469 2204 587 2264; x_wconf 89' lang='lat' dir='ltr'>tandem</span> <span class='ocrx_word' id='word_1_94' title='bbox 604 2205 686 2283; x_wconf 85' lang='lat' dir='ltr'>prior</span> <span class='ocrx_word' id='word_1_95' title='bbox 701 2212 746 2264; x_wconf 87' lang='lat' dir='ltr'>est</span> <span class='ocrx_word' id='word_1_96' title='bbox 760 2205 867 2283; x_wconf 89' lang='lat' dir='ltr'>puella,</span> <span class='ocrx_word' id='word_1_97' title='bbox 885 2223 1008 2283; x_wconf 87' lang='lat' dir='ltr'>quaeso,</span> <span class='ocrx_word' id='word_1_98' title='bbox 1029 2277 1032 2283; x_wconf 21' lang='grc' dir='ltr'>Ι</span> 
     </span>
     <span class='ocr_line' id='line_1_21' title="bbox 385 2282 1070 2368; baseline 0.001 -19"><span class='ocrx_word' id='word_1_99' title='bbox 385 2307 471 2368; x_wconf 89' lang='lat' dir='ltr'>qnam</span> <span class='ocrx_word' id='word_1_100' title='bbox 487 2297 571 2362; x_wconf 86' lang='lat' dir='ltr'>sant,</span> <span class='ocrx_word' id='word_1_101' title='bbox 588 2288 717 2350; x_wconf 88' lang='lat' dir='ltr'>mentula</span> <span class='ocrx_word' id='word_1_102' title='bbox 734 2308 809 2368; x_wconf 90' lang='lat' dir='ltr'>quos</span> <span class='ocrx_word' id='word_1_103' title='bbox 827 2289 925 2365; x_wconf 83' lang='lat' dir='ltr'>habet,</span> <span class='ocrx_word' id='word_1_104' title='bbox 943 2282 1070 2368; x_wconf 84' lang='lat' dir='ltr'>capilli‘l’</span> 
     </span>
    </p>
   </div>
   <div class='ocr_carea' id='block_1_10' title="bbox 662 2458 807 2520">
    <p class='ocr_par' dir='ltr' id='par_1_13' title="bbox 662 2458 807 2520">
     <span class='ocr_line' id='line_1_22' title="bbox 662 2458 807 2520; baseline 0.007 -1"><span class='ocrx_word' id='word_1_105' title='bbox 662 2458 807 2520; x_wconf 86' lang='lat' dir='ltr'>XXXXVI</span> 
     </span>
    </p>
   </div>
   <div class='ocr_carea' id='block_1_11' title="bbox 382 2560 975 3392">
    <p class='ocr_par' dir='ltr' id='par_1_14' title="bbox 383 2560 889 2640">
     <span class='ocr_line' id='line_1_23' title="bbox 383 2560 889 2640; baseline 0 -18"><span class='ocrx_word' id='word_1_106' title='bbox 383 2561 406 2622; x_wconf 91' lang='lat'>0</span> <span class='ocrx_word' id='word_1_107' title='bbox 423 2578 483 2622; x_wconf 90' lang='lat' dir='ltr'>nou</span> <span class='ocrx_word' id='word_1_108' title='bbox 500 2560 650 2621; x_wconf 84' lang='lat' dir='ltr'>candidior</span> <span class='ocrx_word' id='word_1_109' title='bbox 665 2561 758 2640; x_wconf 88' lang='lat' dir='ltr'>puella</span> <span class='ocrx_word' id='word_1_110' title='bbox 774 2562 889 2633; x_wconf 90' lang='lat' dir='ltr'>Mauro,</span> 
     </span>
    </p>

    <p class='ocr_par' dir='ltr' id='par_1_15' title="bbox 382 2644 934 2894">
     <span class='ocr_line' id='line_1_24' title="bbox 383 2644 934 2720; baseline 0.005 -16"><span class='ocrx_word' id='word_1_111' title='bbox 383 2647 434 2705; x_wconf 89' lang='lat' dir='ltr'>sed</span> <span class='ocrx_word' id='word_1_112' title='bbox 450 2644 620 2706; x_wconf 87' lang='lat' dir='ltr'>morbosior</span> <span class='ocrx_word' id='word_1_113' title='bbox 636 2646 774 2706; x_wconf 88' lang='lat' dir='ltr'>omnibus</span> <span class='ocrx_word' id='word_1_114' title='bbox 792 2646 934 2720; x_wconf 74' lang='lat' dir='ltr'>cinaedm,</span> 
     </span>
     <span class='ocr_line' id='line_1_25' title="bbox 382 2729 921 2809; baseline 0.006 -19"><span class='ocrx_word' id='word_1_115' title='bbox 382 2730 526 2808; x_wconf 83' lang='lat' dir='ltr'>Pygmaeo</span> <span class='ocrx_word' id='word_1_116' title='bbox 544 2729 659 2790; x_wconf 89' lang='lat' dir='ltr'>brevior</span> <span class='ocrx_word' id='word_1_117' title='bbox 675 2749 776 2809; x_wconf 84' lang='lat' dir='ltr'>gruem</span> <span class='ocrx_word' id='word_1_118' title='bbox 793 2731 921 2806; x_wconf 88' lang='lat' dir='ltr'>timenti,</span> 
     </span>
     <span class='ocr_line' id='line_1_26' title="bbox 383 2814 818 2894; baseline 0.005 -20"><span class='ocrx_word' id='word_1_119' title='bbox 383 2814 460 2874; x_wconf 88' lang='lat' dir='ltr'>ursis</span> <span class='ocrx_word' id='word_1_120' title='bbox 477 2815 609 2893; x_wconf 86' lang='lat' dir='ltr'>asperior</span> <span class='ocrx_word' id='word_1_121' title='bbox 624 2815 818 2894; x_wconf 88' lang='lat' dir='ltr'>pilosiorque,</span> 
     </span>
    </p>

    <p class='ocr_par' dir='ltr' id='par_1_16' title="bbox 382 2899 975 3392">
     <span class='ocr_line' id='line_1_27' title="bbox 382 2899 901 2980; baseline 0.008 -20"><span class='ocrx_word' id='word_1_122' title='bbox 382 2899 473 2960; x_wconf 86' lang='lat' dir='ltr'>Medis</span> <span class='ocrx_word' id='word_1_123' title='bbox 490 2899 580 2961; x_wconf 85' lang='lat' dir='ltr'>laxior</span> <span class='ocrx_word' id='word_1_124' title='bbox 595 2901 761 2980; x_wconf 89' lang='lat' dir='ltr'>ludicisque</span> <span class='ocrx_word' id='word_1_125' title='bbox 776 2902 901 2976; x_wconf 79' lang='lat' dir='ltr'>braccio,</span> 
     </span>
     <span class='ocr_line' id='line_1_28' title="bbox 382 2985 898 3049; baseline 0.008 -4"><span class='ocrx_word' id='word_1_126' title='bbox 382 3003 483 3046; x_wconf 90' lang='lat' dir='ltr'>manes</span> <span class='ocrx_word' id='word_1_127' title='bbox 498 2985 546 3046; x_wconf 89' lang='lat' dir='ltr'>hic</span> <span class='ocrx_word' id='word_1_128' title='bbox 560 2985 669 3048; x_wconf 88' lang='lat' dir='ltr'>licetut</span> <span class='ocrx_word' id='word_1_129' title='bbox 684 2987 810 3048; x_wconf 87' lang='lat' dir='ltr'>libenter</span> <span class='ocrx_word' id='word_1_130' title='bbox 824 2988 898 3049; x_wconf 84' lang='lat' dir='ltr'>ires:</span> 
     </span>
     <span class='ocr_line' id='line_1_29' title="bbox 382 3073 942 3152; baseline 0.007 -21"><span class='ocrx_word' id='word_1_131' title='bbox 382 3089 448 3131; x_wconf 92' lang='lat' dir='ltr'>nam</span> <span class='ocrx_word' id='word_1_132' title='bbox 466 3073 596 3149; x_wconf 87' lang='lat' dir='ltr'>quamvis</span> <span class='ocrx_word' id='word_1_133' title='bbox 612 3073 708 3132; x_wconf 90' lang='lat' dir='ltr'>videar</span> <span class='ocrx_word' id='word_1_134' title='bbox 724 3073 793 3133; x_wconf 89' lang='lat' dir='ltr'>satis</span> <span class='ocrx_word' id='word_1_135' title='bbox 810 3081 942 3152; x_wconf 88' lang='lat' dir='ltr'>paratus,</span> 
     </span>
     <span class='ocr_line' id='line_1_30' title="bbox 383 3157 975 3238; baseline 0.008 -24"><span class='ocrx_word' id='word_1_136' title='bbox 383 3174 535 3216; x_wconf 87' lang='lat' dir='ltr'>erucarum</span> <span class='ocrx_word' id='word_1_137' title='bbox 553 3175 627 3234; x_wconf 88' lang='lat' dir='ltr'>opus</span> <span class='ocrx_word' id='word_1_138' title='bbox 645 3166 689 3218; x_wconf 87' lang='lat' dir='ltr'>est</span> <span class='ocrx_word' id='word_1_139' title='bbox 704 3157 803 3218; x_wconf 88' lang='lat' dir='ltr'>docem</span> <span class='ocrx_word' id='word_1_140' title='bbox 821 3159 975 3238; x_wconf 75' lang='lat' dir='ltr'>maniplo,</span> 
     </span>
     <span class='ocr_line' id='line_1_31' title="bbox 382 3239 949 3324; baseline 0.011 -26"><span class='ocrx_word' id='word_1_141' title='bbox 382 3241 478 3300; x_wconf 84' lang='lat' dir='ltr'>fossas</span> <span class='ocrx_word' id='word_1_142' title='bbox 494 3239 620 3318; x_wconf 84' lang='lat' dir='ltr'>inguinis</span> <span class='ocrx_word' id='word_1_143' title='bbox 637 3250 670 3303; x_wconf 89' lang='lat' dir='ltr'>ut</span> <span class='ocrx_word' id='word_1_144' title='bbox 683 3251 775 3304; x_wconf 85' lang='lat' dir='ltr'>teram</span> <span class='ocrx_word' id='word_1_145' title='bbox 794 3243 949 3324; x_wconf 90' lang='lat' dir='ltr'>dolemque</span> 
     </span>
     <span class='ocr_line' id='line_1_32' title="bbox 385 3325 883 3392; baseline 0.016 -8"><span class='ocrx_word' id='word_1_146' title='bbox 385 3325 469 3385; x_wconf 91' lang='lat' dir='ltr'>cunni</span> <span class='ocrx_word' id='word_1_147' title='bbox 483 3326 655 3388; x_wconf 86' lang='lat' dir='ltr'>vermiculos</span> <span class='ocrx_word' id='word_1_148' title='bbox 671 3327 883 3392; x_wconf 87' lang='lat' dir='ltr'>scaturrieutis.</span> 
     </span>
    </p>
   </div>
   <div class='ocr_carea' id='block_1_12' title="bbox 658 3509 817 3573">
    <p class='ocr_par' dir='ltr' id='par_1_17' title="bbox 658 3509 817 3573">
     <span class='ocr_line' id='line_1_33' title="bbox 658 3509 817 3573; baseline 0.013 -3"><span class='ocrx_word' id='word_1_149' title='bbox 658 3509 817 3573; x_wconf 82' lang='lat' dir='ltr'>xxxxvu</span> 
     </span>
    </p>
   </div>
   <div class='ocr_carea' id='block_1_13' title="bbox 381 3609 1083 3945">
    <p class='ocr_par' dir='ltr' id='par_1_18' title="bbox 381 3609 1083 3770">
     <span class='ocr_line' id='line_1_34' title="bbox 383 3609 1083 3696; baseline 0.007 -26"><span class='ocrx_word' id='word_1_150' title='bbox 383 3609 556 3688; x_wconf 85' lang='lat' dir='ltr'>Quicunque</span> <span class='ocrx_word' id='word_1_151' title='bbox 571 3619 715 3686; x_wconf 87' lang='lat' dir='ltr'>vestrum,</span> <span class='ocrx_word' id='word_1_152' title='bbox 732 3613 781 3696; x_wconf 93' lang='lat' dir='ltr'>qni</span> <span class='ocrx_word' id='word_1_153' title='bbox 797 3614 899 3674; x_wconf 91' lang='lat' dir='ltr'>venitis</span> <span class='ocrx_word' id='word_1_154' title='bbox 915 3613 950 3673; x_wconf 93' lang='lat' dir='ltr'>ad</span> <span class='ocrx_word' id='word_1_155' title='bbox 967 3631 1083 3688; x_wconf 90' lang='lat' dir='ltr'>cenam,</span> 
     </span>
     <span class='ocr_line' id='line_1_35' title="bbox 381 3694 938 3770; baseline 0.004 -16"><span class='ocrx_word' id='word_1_156' title='bbox 381 3694 470 3755; x_wconf 81' lang='lat' dir='ltr'>libare</span> <span class='ocrx_word' id='word_1_157' title='bbox 485 3694 580 3756; x_wconf 90' lang='lat' dir='ltr'>nullos</span> <span class='ocrx_word' id='word_1_158' title='bbox 597 3697 724 3758; x_wconf 88' lang='lat' dir='ltr'>sustinet</span> <span class='ocrx_word' id='word_1_159' title='bbox 738 3697 809 3758; x_wconf 88' lang='lat' dir='ltr'>mihi</span> <span class='ocrx_word' id='word_1_160' title='bbox 825 3715 938 3770; x_wconf 89' lang='lat' dir='ltr'>versus,</span> 
     </span>
    </p>

    <p class='ocr_par' dir='ltr' id='par_1_19' title="bbox 382 3779 852 3844">
     <span class='ocr_line' id='line_1_36' title="bbox 382 3779 852 3844; baseline 0.011 -5"><span class='ocrx_word' id='word_1_161' title='bbox 382 3779 459 3841; x_wconf 90' lang='lat' dir='ltr'>illius</span> <span class='ocrx_word' id='word_1_162' title='bbox 475 3797 549 3842; x_wconf 87' lang='lat' dir='ltr'>uxor</span> <span class='ocrx_word' id='word_1_163' title='bbox 565 3788 614 3841; x_wconf 89' lang='lat' dir='ltr'>ant</span> <span class='ocrx_word' id='word_1_164' title='bbox 629 3781 720 3844; x_wconf 89' lang='lat' dir='ltr'>amica</span> <span class='ocrx_word' id='word_1_165' title='bbox 736 3782 852 3844; x_wconf 88' lang='lat' dir='ltr'>rivalem</span> 
     </span>
    </p>

    <p class='ocr_par' dir='ltr' id='par_1_20' title="bbox 383 3863 1020 3945">
     <span class='ocr_line' id='line_1_37' title="bbox 383 3863 1020 3945; baseline 0.005 -18"><span class='ocrx_word' id='word_1_166' title='bbox 383 3865 559 3933; x_wconf 89' lang='lat' dir='ltr'>lasciviendo</span> <span class='ocrx_word' id='word_1_167' title='bbox 574 3863 756 3942; x_wconf 80' lang='lat' dir='ltr'>languidum,</span> <span class='ocrx_word' id='word_1_168' title='bbox 771 3884 889 3945; x_wconf 88' lang='lat' dir='ltr'>precor,</span> <span class='ocrx_word' id='word_1_169' title='bbox 905 3867 1020 3940; x_wconf 82' lang='lat' dir='ltr'>reddat,</span> 
     </span>
    </p>
   </div>
   <div class='ocr_carea' id='block_1_14' title="bbox 0 0 1368 4340">
    <p class='ocr_par' dir='ltr' id='par_1_21' title="bbox 0 0 1368 4340">
     <span class='ocr_line' id='line_1_38' title="bbox 0 0 1368 4340; baseline 0 0"><span class='ocrx_word' id='word_1_170' title='bbox 0 0 1368 4340; x_wconf 95' lang='lat' dir='ltr'> </span> 
     </span>
    </p>
   </div>
  </div>
 </body>
</html>
