2728 4344
588 239 745 295 Puruoltss

606 393 737 458 XXXX*

303 496 374 557 haec
388 494 428 558 ait
442 502 470 557 ct
483 494 608 556 tremulo
625 494 744 556 deduxit
756 494 865 556 vertice
881 511 971 556 canos

304 581 510 662 consecuitque
525 597 628 659 genas,
646 579 737 640 oculis
753 597 807 641 nec
822 579 913 642 defuit
926 581 1028 642 imber.

303 666 355 728 sed
370 666 461 746 qualis
477 664 589 745 rapitur
603 682 657 745 per
669 664 756 726 ¹ealles
771 664 925 745 improbus
942 667 1049 741 amuis,

305 771 372 813 cum
388 751 496 830 gelidae
510 749 622 830 periere
636 751 716 812 uires
732 756 761 811 et
775 749 926 830 languidus
942 758 1039 814 auster

248 852 264 903 ὁ
307 855 369 899 non
383 835 492 916 patitur
506 834 626 914 glaciem
641 835 769 897 resoluta
783 836 879 898 vivere
893 842 983 912 terra,

302 922 415 1002 gurgite
430 921 473 982 sie
487 921 575 1000 pleno
589 920 678 981 facies
693 921 832 995 manarit,
848 927 877 982 et
891 921 949 983 alto

304 1005 435 1069 insonuit
450 1005 561 1085 gemitu
574 1005 726 1067 turbatum
741 1023 893 1068 murmure
907 1013 1009 1087 pectus

602 1176 746 1246 XXXXI*

304 1283 402 1346 ludica
416 1298 566 1363 purpureo
583 1282 682 1360 genuit
696 1300 744 1343 me
758 1280 854 1343 littore
868 1281 968 1358 tellus,

348 1366 488 1430 candidus
504 1384 627 1428 accenso
644 1385 699 1448 qua
714 1366 789 1428 redit
804 1365 875 1428 orbe
890 1367 962 1429 dies.

305 1451 354 1514 hic
368 1471 422 1531 ego
439 1450 554 1513 divinos
569 1452 643 1513 inter
658 1458 812 1531 generatus
827 1453 956 1515 honores

347 1537 459 1598 mutavi
473 1536 555 1598 Latio
571 1535 694 1599 barbara
708 1535 796 1598 verha
812 1555 898 1598 sono.

247 1637 263 1688 ὁ
306 1622 364 1684 iam
381 1621 494 1683 dimitto
508 1629 592 1693 tuos,
608 1623 702 1684 Paean
719 1642 736 1682 o
751 1621 899 1701 Delphice,
915 1641 1036 1704 cycnos:

347 1705 461 1785 dignior
476 1707 548 1768 haec
561 1725 617 1767 vox
632 1713 679 1768 est
692 1724 766 1787 quae
780 1714 830 1769 tue
845 1709 953 1787 templa
969 1709 1044 1770 colat

598 1886 754 1950 XXXXll*

307 1990 465 2072 naufragus
481 1990 569 2054 eiecta
584 1992 682 2054 nudus
698 1998 759 2053 rate
775 1992 887 2072 quaerit
901 1992 1004 2054 eodem

327 2095 501 2158 percussum
515 2076 588 2149 telo,
605 2076 651 2139 cui
666 2095 719 2139 sua
732 2076 791 2138 feta
805 2078 889 2158 legat.

308 2163 449 2244 grandine
464 2162 514 2243 qui
530 2170 642 2242 segetes
657 2170 687 2224 et
700 2169 795 2224 totum
810 2163 938 2244 perdidit
952 2180 1073 2240 annum,
1133 2160 1136 2168 ’

350 2249 380 2310 in
396 2247 484 2310 simili
500 2247 584 2309 deflet
598 2247 692 2310 tristia
705 2247 764 2311 lata
780 2248 856 2310 sinu.

250 2349 266 2400 5
309 2334 413 2396 funere
429 2332 584 2396 conciliant
598 2333 732 2408 miseros,
748 2333 869 2414 orbique
884 2339 1018 2414 parentes

350 2419 533 2499 coniungunt
548 2418 687 2498 gemitus,
703 2418 813 2480 etfacit
827 2421 900 2481 hora
915 2436 1010 2498 pares.

307 2522 365 2566 nos
381 2522 499 2584 quoque
516 2503 645 2564 confusis
661 2503 799 2564 feriemus
815 2504 910 2565 sidera
925 2504 1034 2579 verbis,

350 2589 469 2650 etfama
486 2595 531 2649 est
545 2587 658 2649 iunctus
672 2587 778 2649 lortius
792 2589 835 2650 ire
849 2607 952 2669 preces

591 2741 760 2804 XXXXlll*

308 2863 394 2909 aurea
409 2845 483 2908 mala
498 2844 583 2919 mihi,
600 2845 692 2908 dulcis
707 2861 771 2908 mea
786 2843 906 2922 Marcia,
922 2846 1028 2924 mittis,

348 2931 441 2993 mittis
456 2938 486 2993 et
499 2931 628 2994 hirsutae
641 2950 763 2994 munera
779 2939 936 2996 castaneae.

308 3015 407 3079 omnia
423 3025 503 3097 grate
518 3024 632 3097 putem,
647 3018 698 3079 sed
714 3018 739 3079 si
754 3018 847 3098 magis
862 3018 926 3099 ipsa
941 3020 1070 3094 venires,

350 3120 471 3165 ornares
488 3103 617 3177 donum,
632 3103 754 3182 pulchra
768 3103 875 3183 puella,
889 3112 984 3168 tuum.

249 3203 264 3254 5
307 3195 339 3250 tu
354 3189 420 3249 licet
434 3189 572 3268 adportes
588 3189 760 3267 stringentia
775 3190 1005 3270 marapetinum,

348 3273 442 3335 tristia
458 3273 607 3336 mandenti
620 3281 668 3335 est
681 3274 802 3336 melleus
818 3294 870 3336 ore
884 3291 982 3355 sapor.

307 3364 337 3418 at
352 3358 376 3419 si
392 3358 560 3422 dissimulas
575 3359 700 3423 multum
715 3359 789 3422 mihi
803 3379 868 3422 cera
883 3359 995 3433 venire,

350 3443 449 3506 oscula
464 3461 531 3506 curn
546 3444 643 3524 pomis
659 3445 754 3507 mitte:
770 3446 879 3508 voraho
895 3443 998 3506 lubens

586 3617 766 3682 XXXXllll*

306 3717 331 3779 si
347 3717 460 3779 Phoebi
476 3736 563 3781 soror
578 3739 624 3795 es,
638 3722 746 3783 mando
761 3721 829 3800 tihi,
845 3720 938 3795 Delia,
954 3741 1072 3803 causam

348 3802 458 3865 scilicet
472 3811 506 3865 ut
520 3805 617 3878 fratri,
633 3824 706 3884 quae
721 3814 807 3887 peto,
821 3806 907 3868 rerba
921 3805 1014 3870 feras:

290 3877 459 3952 ‘marmore
474 3889 499 3952 si
515 3890 633 3970 quaudo
648 3892 741 3957 struxi
754 3891 822 3963 tihi,
838 3891 987 3969 delphine,
998 3893 1143 3972 templum
