2762 4344
591 229 732 284 sATlRAll
1174 237 1214 298 59

646 399 667 440 it

188 479 246 538 boc
266 494 357 555 opere
371 475 490 536 taudem
507 474 653 536 elaborato
670 492 766 536 casam
783 473 970 554 piscatoriam
986 475 1119 537 subimus
1134 496 1215 539 mae·

95 572 215 634 rentes,
241 562 374 641 cibisque
394 561 546 639 naufragio
570 560 715 639 corruptis
737 567 884 638 utcunque
906 561 996 622 curati
1016 561 1214 624 tristissimam

96 650 253 729 exegimus
269 656 397 708 noctem.
427 655 546 727 postero
564 646 618 719 die,
635 663 702 706 cum
717 663 897 725 poneremus
912 646 1082 721 consilium,
1097 648 1143 710 cui
1158 667 1215 710 nos

96 735 215 814 regioni
231 734 434 805 crederemus,
455 738 575 812 repente
595 731 677 792 video
698 750 806 811 corpus
827 731 989 794 humanum
1007 733 1214 795 circumactum

96 822 152 884 levi
174 819 288 881 vortice
310 819 345 880 ad
365 819 433 880 litus
454 817 570 878 deferri.
600 817 717 878 substiti
734 835 804 895 ergo
820 817 912 877 tristis
929 819 1071 897 coepique
1085 820 1216 882 umenti-

96 909 153 969 bus
170 905 269 967 oculis
285 903 375 966 maris
392 905 479 965 fidem
493 903 638 982 inspicere
649 911 678 964 et
688 893 784 964 ‘hunc
794 894 926 965 forsitan'
942 903 1093 982 proclamo
1106 897 1152 966 ‘in
1164 905 1215 966 ali-

101 1013 155 1073 qua
171 997 260 1071 parte
274 997 418 1051 terramm
431 1007 533 1050 secura
546 995 679 1068 expectat
689 1007 773 1062 uxor,
787 989 911 1049 forsitan
924 988 1042 1068 ignarus
1055 995 1216 1071 tempesta-

103 1079 242 1148 tisibus,
259 1083 309 1137 aut
323 1075 444 1136 fratrem
460 1074 561 1154 utique
576 1074 693 1154 reliquit
707 1074 841 1154 aliquem,
856 1074 902 1135 cui
918 1075 1108 1154 proficiscens
1125 1095 1216 1138 oscu-
1254 1099 1257 1104 ·

101 1165 158 1225 lum
176 1162 269 1224 dedit.
302 1162 374 1222 haee
389 1167 457 1222 sunt
472 1160 593 1221 consilia
610 1160 791 1232 mortalium,
807 1161 878 1220 haec
892 1167 958 1221 vota
974 1179 1144 1238 magnamm
1161 1180 1215 1222 co-

97 1249 289 1328 gitationum.
321 1264 357 1306 en
373 1248 463 1307 homo
479 1246 727 1326 quemadmodum
743 1238 842 1306 natat'
871 1246 966 1307 adhuc
979 1254 1118 1326 tanquam
1129 1247 1215 1326 igno-

96 1347 161 1396 tum
178 1332 335 1406 deflebam,
352 1351 417 1393 curn
434 1331 602 1393 inviolatum
618 1351 652 1392 os
668 1332 774 1392 lluctus
791 1332 935 1392 convertit
948 1331 1107 1406 interram,
1123 1351 1215 1412 agno·

96 1422 184 1500 vique
205 1417 368 1481 terribilem
390 1417 478 1497 paulo
499 1424 566 1478 ante
586 1424 615 1477 et
634 1416 845 1497 implacabilem
862 1417 980 1477 Licham
1002 1416 1125 1496 pedibus
1141 1418 1215 1480 meis

95 1525 192 1588 paene
213 1503 389 1566 subiectum.
419 1520 481 1563 non
495 1503 576 1563 tenui
591 1501 679 1580 igitur
694 1495 803 1563 diutius
819 1503 962 1575 lacrimas
977 1503 1068 1563 immo
1082 1503 1217 1610 percussi

97 1590 194 1654 semel
211 1591 380 1668 iterumque
394 1589 530 1650 manibus
545 1596 647 1667 pectus
664 1596 692 1648 et
703 1581 769 1648 ‘ubi
784 1606 864 1650 nunc
879 1581 936 1650 est'
950 1589 1070 1668 inquam
1098 1589 1215 1652 iracun-

96 1678 142 1740 dia
158 1685 229 1750 tua,
260 1675 311 1736 ubi
332 1675 504 1754 impotentia
520 1671 591 1734 tua?
621 1691 727 1754 nempe
742 1674 872 1753 piscibus
892 1673 1045 1755 beluisque
1064 1677 1216 1757 expositus

96 1785 137 1837 es,
156 1771 189 1824 et
205 1762 258 1842 qui
273 1760 360 1841 paulo
376 1768 443 1821 ante
457 1760 583 1821 iactabas
598 1760 674 1821 vires
690 1759 804 1839 imperii
820 1759 877 1834 tui,
899 1760 934 1821 de
949 1768 1007 1822 tam
1024 1779 1128 1840 magua
1144 1781 1217 1825 nave

95 1869 132 1911 ne
147 1848 284 1911 tabulam
302 1845 419 1925 quidem
435 1845 593 1924 naufragus
608 1845 708 1906 habes.
738 1845 777 1906 ite
791 1863 871 1907 nune
885 1846 1039 1920 mortales,
1059 1855 1088 1908 et
1101 1847 1216 1927 magnis

97 1931 333 2014 cogitationibus
353 1939 472 2010 pectora
493 1930 622 2011 implete.
652 1931 691 1991 ite
706 1932 794 2005 cauti,
816 1939 844 1992 et
860 1950 931 2010 opes
946 1932 1099 1995 fraudibus
1116 1941 1215 2014 captas

97 2040 152 2100 per
172 2018 258 2080 mille
277 2036 371 2078 annos
389 2017 546 2096 disponite.
573 2034 682 2096 nempe
697 2017 744 2078 hie
758 2018 892 2097 proxima
907 2017 971 2079 luce
986 2019 1155 2098 patrimonii
1171 2018 1216 2080 sui

97 2106 233 2168 rationes
249 2103 387 2181 inspexit,
402 2120 509 2183 nempe
524 2101 600 2163 diem
616 2103 711 2176 etiam,
726 2121 785 2182 quo
799 2110 940 2164 venturus
952 2111 1031 2166 esset
1041 2105 1071 2165 iu
1084 2105 1216 2184 patriam,

100 2193 200 2254 animo
218 2208 276 2251 suo
293 2189 384 2249 finxit.
416 2188 454 2250 dii
471 2190 606 2268 deaeque,
622 2207 708 2267 quam
724 2188 809 2269 longe
824 2207 840 2249 a
856 2188 1051 2250 destinatione
1065 2207 1117 2250 sua
1132 2189 1215 2250 iacet

101 2278 148 2340 sed
163 2294 228 2339 non
241 2274 305 2336 sola
317 2274 489 2336 mortalibus
502 2275 593 2336 maria
604 2274 681 2335 hanc
692 2274 779 2334 fidem
792 2281 949 2354 praestant.
970 2274 1050 2336 illum
1062 2273 1215 2336 bellantem

102 2381 182 2424 arma
199 2359 366 2440 decipiunt,
387 2360 467 2421 illum
490 2360 546 2420 diis
562 2366 627 2421 vota
642 2359 810 2421 reddentem
827 2360 974 2438 penatium
991 2379 1114 2422 suorum
1130 2361 1215 2422 ruina

107 2447 221 2527 sepelit,
244 2444 292 2507 ille
311 2445 441 2507 vehiculo
462 2445 562 2526 lapsus
583 2452 789 2526 properantem
810 2445 944 2525 spiritum
964 2446 1102 2508 excussit.
1132 2446 1214 2508 cibus

108 2533 218 2594 avidum
243 2529 446 2610 strangulavit,
467 2530 661 2592 abstinentem
682 2531 841 2610 frugalitas.
874 2532 898 2593 si
913 2531 987 2593 bene
1002 2533 1143 2595 calculum
1158 2552 1215 2614 po-
1267 2607 1276 2616 ἡ

103 2636 170 2692 nas,
189 2617 302 2698 ubique
322 2615 504 2696 naufragium
520 2625 574 2679 est.
605 2617 727 2678 atenim
742 2617 880 2679 fluctibus
897 2617 1003 2680 obmto
1019 2636 1082 2680 non
1098 2620 1215 2681 contin-

102 2705 143 2784 git
162 2704 326 2784 sepultura.
357 2709 495 2782 tanquam
511 2702 639 2776 intersit,
660 2703 822 2782 periturum
839 2721 947 2783 corpus
964 2723 1038 2783 quae
1051 2704 1126 2767 ratio
1142 2723 1215 2766 con-
1245 2737 1252 2750 =

102 2797 217 2864 sumat,
243 2788 321 2868 ignis
348 2806 384 2850 an
410 2789 515 2850 linctus
538 2807 574 2849 an
596 2807 688 2849 mora.
723 2788 861 2868 quicquid
882 2788 1000 2864 feceris,
1028 2791 1126 2852 omnia
1145 2791 1216 2854 haec

100 2875 208 2938 eodem
235 2883 356 2936 ventura
383 2881 472 2939 sunt..
493 2874 573 2936 ferae
597 2881 695 2934 tamen
722 2893 831 2954 corpus
858 2874 1036 2937 lacerabunt
1076 2882 1215 2954 tanquam

99 2962 208 3023 melius
228 2960 304 3038 ignis
327 2959 462 3038 accipiat;
483 2960 576 3020 immo
595 2958 672 3021 hanc
693 2977 818 3039 poenam
840 2959 1041 3040 gravissimam
1058 2961 1215 3037 credimus,

102 3047 154 3121 ubi
176 3045 272 3108 servis
292 3045 456 3107 irascimur.
491 3064 565 3124 quae
590 3063 659 3123 ergo
682 3045 825 3107 dementia
847 3052 906 3118 est,
931 3045 1031 3108 omnia
1049 3045 1156 3121 facere,
1177 3065 1216 3108 ne

77 3127 80 3132 “
101 3131 173 3214 quid
191 3133 229 3193 de
243 3131 331 3192 nobis
347 3130 492 3210 relinquat
507 3121 694 3212 sepultura?

646 3229 667 3268 e

189 3309 220 3364 et
237 3301 357 3363 Licham
379 3300 495 3381 quidem
517 3319 607 3380 rogus
627 3301 752 3364 inimicis
773 3301 894 3364 collatus
914 3301 1051 3363 manibus
1072 3301 1215 3366 adolebat.

101 3389 270 3468 Eumolpus
290 3394 387 3448 autem
409 3388 479 3448 dum
500 3387 680 3466 epigramma
700 3395 820 3450 mortuo
840 3385 921 3462 facit,
944 3388 1047 3450 oculos
1066 3389 1102 3450 ad
1119 3408 1215 3452 arces-

103 3475 215 3536 sendos
231 3491 339 3535 sensus
355 3472 470 3552 longius
486 3473 576 3535 mittit

646 3567 667 3608 a

191 3645 250 3706 hoc
268 3651 388 3724 peracto
409 3643 532 3706 libenter
552 3644 648 3707 officio
670 3643 847 3708 destinatum
863 3645 1012 3724 carpimus
1026 3645 1080 3706 iter
1098 3662 1133 3705 ac
1147 3661 1214 3705 mo·
1226 3645 1285 3708 116
1370 3673 1371 3690 1

104 3739 205 3793 mento
229 3729 375 3810 temporis
394 3729 423 3790 in
443 3737 573 3790 montem
595 3731 734 3792 sudantes
749 3731 992 3804 conscendimus,
1012 3749 1045 3790 ex
1062 3747 1120 3810 quo
1137 3729 1213 3793 haud

104 3816 207 3896 pro'cul
222 3814 396 3896 impositum
414 3816 473 3877 arci
489 3814 606 3877 sublimi
622 3815 765 3896 oppidum
782 3817 939 3879 cernimus.
968 3833 1024 3876 ncc
1035 3813 1115 3894 quod
1128 3824 1216 3890 esset,

107 3903 270 3964 sciebamus
291 3903 437 3978 errantes,
458 3902 552 3964 donec
566 3920 582 3963 a
597 3901 690 3965 villico
706 3901 834 3982 quodam
850 3903 977 3965 Crotona
992 3917 1059 3962 esse
1073 3901 1217 3980 cognovi-
