2762 4344
688 222 845 277 Puruouu

357 383 426 464 quid
441 382 550 445 faciant
563 383 656 462 leges,
672 380 725 444 ubi
740 379 802 441 sola
816 377 939 458 pecunia
954 385 1069 458 regnat,

399 476 450 531 aut
463 469 513 530 ubi
527 476 685 549 paupertas
699 466 814 527 vincere
828 464 907 526 nulla
922 461 1042 544 potest?

358 554 414 635 ipsi
430 553 479 636 qui
495 554 599 634 Cynica
614 554 773 615 traducunt
760 559 920 630 ttempora
935 568 1019 630 pera,

398 657 635 720 nonnumquam
649 638 779 700 nmumis
794 636 921 698 vendere
935 654 1000 696 vera
1016 633 1120 696 solent.
1166 683 1175 693 .

358 744 426 804 ergo
442 725 581 786 iudicium
596 725 729 787 nihilt
684 731 729 785 est
742 723 798 784 uisi
791 721 928 802 ιιιιιιιιι
943 739 1071 792 mercer,
1222 737 1237 785 5

399 819 486 890 atque
501 829 592 890 eques
608 811 638 870 iu
655 828 741 872 causa
757 826 808 888 qur
800 808 904 868 sedet
909 813 1031 886 ,empta
1046 797 1169 885 probat’

301 896 355 957 sed
371 904 487 994 praeter
502 915 596 957 unum
611 895 799 975 dipondium,
816 911 873 973 quo
886 892 962 954 cicer
973 891 1149 989 lupinosque
1160 890 1331 954 destinave-

215 998 315 1042 ramus
330 981 463 1054 mercari,
479 981 551 1042 nihil
566 981 600 1042 ad
616 1000 736 1042 manum
752 986 815 1040 erat
816 1024 823 1039 .
852 979 950 1057 itaque
964 995 1001 1038 ne
1013 977 1129 1038 interim
1142 977 1251 1056 praeda
1264 977 1330 1038 dis-

216 1066 346 1141 cederet,
367 1067 412 1127 vel
435 1066 558 1127 minoris
578 1067 695 1146 pallium
712 1065 846 1126 addicere
861 1063 985 1144 placuit,
1006 1069 1040 1124 ut
1054 1063 1181 1142 pretinm
1204 1063 1330 1124 maioris

215 1151 383 1232 compendii
401 1152 493 1213 levior
511 1151 620 1214 faceret
641 1152 759 1213 iactura.
797 1168 862 1211 cum
886 1149 1015 1246 primum
1038 1166 1108 1226 ergo
1131 1147 1329 1232 explicuimus

215 1255 354 1311 mercem,
370 1237 473 1298 mulier
490 1245 593 1335 operto
610 1238 712 1317 capite,
727 1254 801 1316 quae
818 1253 883 1296 cum
900 1233 1010 1295 rustico
1028 1240 1160 1306 steterat,
1183 1233 1329 1330 inspectis

215 1320 380 1402 diligentius
403 1322 495 1400 signis
510 1322 608 1384 iniecit
622 1331 777 1426 utramque
792 1320 914 1382 laciniae
928 1336 1050 1381 manum
1065 1337 1232 1398 magnaque
1246 1320 1327 1381 voci-

214 1400 376 1469 feratioue‘
378 1408 522 1470 latrones:
536 1400 641 1470 tenete'
657 1406 796 1470 clamarit
827 1413 929 1467 contra
940 1423 997 1466 nos
1009 1404 1179 1484 perturbati,
1193 1421 1232 1466 ne
1246 1406 1329 1466 ride-

215 1510 315 1555 remur
328 1493 401 1554 nibil
416 1511 515 1571 agere,
531 1502 559 1554 et
573 1495 630 1574 ipsi
646 1494 771 1554 scissam
786 1499 815 1553 ιι
802 1491 979 1553 tsordidam
993 1501 1093 1552 tenere
1108 1491 1264 1569 coepimus
1280 1500 1329 1552 tu-

215 1578 311 1640 nicam
331 1585 418 1657 atque
437 1579 537 1639 eadem
553 1579 660 1640 invidia
677 1577 872 1657 proclamare,
891 1584 992 1638 nostra
1009 1595 1075 1637 esse
1090 1577 1183 1656 spolia
1200 1595 1275 1656 quae
1290 1577 1329 1638 illi

216 1663 411 1741 possiderent.
441 1663 492 1724 sed
513 1664 593 1725 nullo
617 1681 722 1742 genere
741 1681 794 1742 par
809 1669 871 1723 erat
886 1679 989 1724 caussa
1005 1669 1121 1734 nostra,
1144 1668 1173 1722 ιι
1188 1662 1327 1723 ιοιιοιιι

218 1749 267 1826 qui
285 1749 321 1810 ad
342 1749 498 1810 clamorem
521 1749 736 1821 confluxerant,
757 1745 888 1808 nostram
909 1747 1019 1808 scilicet
1038 1747 1074 1808 de
1094 1765 1177 1807 more
1192 1747 1330 1810 ridebant

218 1832 369 1914 iuvidiam,
397 1834 475 1914 quod
495 1853 550 1913 pro
570 1835 616 1896 illa
637 1842 720 1914 parte
738 1832 923 1894 vindicabant
910 1840 1008 1913 tpret
1008 1832 1187 1894 iosissimam
1206 1841 1329 1908 vestem,

219 1938 274 2000 pro
286 1920 341 1981 bac
352 1920 526 2017 pannuciam
538 1939 576 1982 ne
588 1919 758 1982 centonibus
771 1918 904 2022 quidem
900 1918 987 1980 bonis
1000 1918 1167 2022 diqqam.
1149 1917 1218 1979 hinc
1226 1919 1328 2016 Ascyl-

166 2007 203 2068 15
218 2013 265 2067 tos
273 2005 381 2067 bene
356 2024 448 2067 nsum
462 2004 600 2067 discussit
603 2025 671 2085 ,qur
664 2004 798 2066 silentio
809 2005 886 2065 facto
894 1996 1037 2065 ‘ridemus
1058 1997 1167 2083 inquit‘
1170 2022 1254 2065 snam
1265 2024 1328 2066 ιιι

218 2109 276 2171 que
295 2110 357 2152 rem
378 2110 444 2153 esse
465 2091 660 2166 carissimam,
679 2091 803 2153 reddant
822 2088 910 2151 nobis
925 2089 1053 2151 tunicam
1069 2097 1204 2150 nostram
1220 2097 1249 2150 et
1265 2091 1374 2169 pal-

217 2177 287 2239 bum
305 2196 391 2238 suum
407 2168 564 2275 recipiant.³
595 2185 624 2238 ι
625 2197 650 2239 ιι
611 2176 779 2238 trustico
799 2175 972 2272 mulierique
991 2174 1122 2253 placebat
1140 2176 1329 2255 permutatio,

219 2262 349 2324 advocati
368 2271 468 2324 tamen
487 2263 544 2324 iarn
564 2280 657 2342 paene
671 2261 823 2333 nocturni,
844 2279 893 2340 qur
886 2260 1045 2322 volebant
1060 2260 1179 2340 pallium
1193 2261 1268 2322 lucri
1283 2262 1328 2322 fa-

218 2367 298 2422 cere,
320 2347 486 2426 flagitabant
505 2347 548 2408 uti
567 2347 644 2427 apud
664 2365 697 2408 se
716 2354 838 2426 utraque
858 2347 1075 2425 deponerentur
1094 2365 1128 2407 ac
1142 2354 1264 2426 postero
1282 2347 1328 2409 die

217 2432 303 2495 iudex
322 2433 477 2513 querellam
497 2432 664 2512 inspiceret.
692 2450 788 2512 neque
808 2431 885 2492 enim
901 2450 949 2492 res
964 2438 1088 2504 tantum,
1104 2450 1178 2511 quae
1192 2431 1328 2493 rideren-

217 2525 274 2592 tur,
288 2518 318 2580 in
334 2518 564 2580 controversiam
580 2537 659 2588 esse,
681 2517 732 2578 sed
747 2518 834 2594 longe
848 2517 926 2579 aliud
941 2517 1053 2595 quaeri,
1068 2519 1145 2598 quod
1158 2517 1190 2578 in
1204 2526 1328 2597 utraque

217 2610 301 2682 parte
317 2603 425 2665 scilicet
439 2603 582 2665 latrocinii
599 2603 724 2683 suspitio
739 2601 904 2664 baberetur.
933 2602 992 2664 iam
1007 2603 1148 2683 sequestri
1164 2603 1323 2683 placebant,

217 2695 247 2750 ιι
261 2688 361 2750 ιιιιιο
378 2689 442 2768 quis
455 2708 490 2750 ex
505 2689 686 2762 cocionibus‚
703 2688 809 2761 calvus,
825 2688 1066 2751 tuberosissimae
1080 2689 1198 2764 frontis,
1215 2689 1262 2770 qui
1275 2707 1327 2750 so·

217 2773 295 2837 lebat
309 2774 464 2854 aliquando
481 2775 567 2836 etiam
584 2793 701 2836 caussas
716 2791 809 2854 agere,
825 2773 970 2835 invaserat
983 2775 1102 2854 pallium
1113 2774 1328 2837 exhibiturum-

219 2879 275 2943 que
294 2860 423 2923 crastino
443 2860 490 2922 die
511 2860 682 2922 affirmabat.
713 2869 839 2921 ceterum
862 2860 1020 2939 apparebat
1042 2860 1113 2922 nibil
1136 2860 1212 2923 aliud
1229 2862 1331 2942 quaeri

216 2947 274 3009 nisi
289 2954 322 3008 ut
337 2946 427 3008 semel
442 2945 574 3026 deposita
590 2948 677 3008 vestis
693 2946 769 3008 inter
784 2946 948 3027 praedones
964 2946 1207 3026 strangularetur,
1228 2956 1257 3009 et
1272 2965 1330 3009 nos

217 3040 298 3096 metu
313 3032 444 3095 criminis
459 3049 521 3095 non
536 3033 703 3096 veniremus
719 3033 754 3094 ad
772 3031 963 3094 constitutum
1061 3047 1067 3058 ·

5 1892 14 1942 ι

303 3207 379 3269 idem
400 3209 485 3288 plane
505 3215 534 3270 et
553 3226 609 3270 nos
629 3206 809 3268 volebamus.
839 3206 938 3288 itaque
951 3207 1104 3288 utriusque
1119 3206 1212 3288 partis
1227 3216 1331 3271 votum

218 3311 303 3354 casus
319 3293 435 3356 adiuvit.
466 3294 632 3374 indignatus
648 3293 724 3355 enim
741 3292 884 3367 rusticus,
908 3295 986 3372 quod
1002 3312 1059 3355 nos
1075 3301 1231 3355 centonem
1248 3296 1333 3357 exbi-

216 3378 346 3441 bendum
361 3379 592 3459 postularemus,
613 3378 694 3442 misit
713 3378 743 3440 in
762 3379 865 3440 faciem
881 3379 988 3460 Ascylti
1002 3379 1131 3441 tunicam
1147 3387 1175 3440 et
1189 3379 1333 3444 liberatos

218 3463 342 3544 querella
357 3463 445 3526 iussit
459 3466 578 3546 pallium
594 3467 749 3548 deponere,
763 3465 843 3604 quod
861 3465 957 3527 solum
973 3465 1053 3528 litem
1068 3464 1191 3527 iaciebat

303 3637 332 3692 et
345 3638 532 3710 recuperato,
547 3641 581 3694 ut
594 3631 783 3711 putabamus,
798 3631 936 3692 thesauro
952 3632 982 3693 in
998 3631 1197 3694 deversorium
1213 3635 1333 3714 praeci-

217 3717 292 3799 pites
308 3715 421 3779 abimus
437 3717 656 3799 praeclusisque
669 3717 784 3779 foribus
800 3716 895 3779 ridere
911 3737 1032 3780 acumen
1044 3736 1106 3780 non
1117 3718 1215 3780 minus
1228 3721 1333 3783 cocio-

217 3820 288 3866 num
304 3821 393 3884 qnam
408 3803 646 3867 calumniantium
663 3803 829 3884 coepimus,
850 3803 928 3884 quod
944 3803 1030 3866 nobis
1046 3805 1155 3886 ingenti
1175 3805 1335 3870 calliditate

216 3891 371 3974 pecuniam
385 3889 583 3954 reddidissent
