2762 4344
187 201 228 264 40
662 189 820 244 rnrnorvu

187 372 244 416 nos
264 352 294 414 iu
311 351 463 424 balneum,
485 368 551 410 meo
572 347 717 427 periculo,
737 363 798 407 non
837 343 982 407 oenitebit.
1013 342 1056 404 sic
1070 342 1143 405 calet
1157 349 1298 424 tanquam

187 430 314 502 furnus?
339 429 434 508 ‘ver0‚
449 426 525 496 vero’
541 433 635 514 iuquit
648 433 799 494 Habinnas
824 433 859 493 de
875 448 931 492 una
948 429 993 491 die
1008 430 1081 490 duas
1096 429 1209 501 facere,
1230 429 1300 490 nihil

189 516 277 587 malo'
294 523 438 602 nudisque
457 519 641 582 consurrexit
660 519 784 599 pedibus
804 525 833 579 et
848 515 1093 577 Trimalchionem
1112 515 1299 596 plaudentem

190 609 329 689 subsequi
345 610 441 688 coepit.

276 713 329 772 ego
350 692 510 772 respiciens
531 691 567 752 ad
582 689 720 770 Ascylton
739 678 821 768 ‘quid
838 678 984 766 cogitas?³
1007 686 1125 766 inquam
1137 676 1207 790 tego
1224 687 1301 748 enim

191 781 216 842 si
232 781 329 842 videro
344 778 495 850 balneum,
517 775 615 837 statim
636 765 798 854 expirabo‘.
824 763 1035 835 ‘assentemur'
1056 772 1095 832 ait
1110 771 1157 833 ille
1186 780 1217 834 et
1233 773 1301 834 dum

191 866 229 927 illi
247 865 383 926 balneum
399 869 516 943 petunt,
537 880 593 922 uos
613 861 644 922 iu
663 861 748 922 turba
760 849 915 920 exeamus‘.
945 877 1012 920 cum
1027 858 1099 918 haec
1113 859 1302 937 placuissent,

192 953 316 1013 ducente
331 967 384 1028 per
399 947 546 1028 porticum
561 946 667 1007 Gitone
682 947 718 1007 ad
732 946 850 1008 ianuam
865 944 1009 1017 venimus,
1024 943 1074 1004 ubi
1089 943 1169 1005 canis
1186 952 1302 1006 catena-

192 1039 254 1098 rius
270 1042 350 1097 tanto
366 1053 422 1095 uos
439 1033 566 1094 tumultu
581 1032 707 1111 excepit,
723 1038 755 1092 ut
768 1032 901 1111 Ascyltos
918 1030 1006 1092 etiam
1022 1030 1052 1091 in
1068 1029 1214 1110 piscinam
1230 1031 1302 1092 ceci-

192 1121 273 1183 derit.
303 1139 359 1182 neo
374 1137 435 1181 non
450 1137 504 1197 ego
521 1137 638 1198 quoque
654 1116 766 1192 ebrius,
788 1117 837 1196 qui
853 1116 939 1177 etiam
955 1117 1067 1195 pictum
1082 1116 1239 1178 timueram
1258 1135 1303 1178 ca·

192 1226 275 1281 nem,
302 1207 372 1267 dum
393 1204 502 1266 natanti
523 1222 610 1283 opem
629 1203 710 1280 fero,
737 1203 767 1263 in
786 1203 911 1264 eundem
931 1203 1074 1280 gurgitem
1094 1208 1206 1263 tractus
1228 1222 1302 1264 sum.

194 1292 317 1354 servavit
337 1310 393 1352 uos
414 1297 511 1350 tamen
530 1288 680 1363 atriensis
703 1289 751 1369 qui
769 1289 931 1349 interventu
947 1306 1003 1349 suo
1019 1294 1048 1348 et
1063 1305 1167 1348 canem
1183 1288 1305 1367 placavit

193 1386 223 1441 et
242 1396 298 1438 uos
319 1383 476 1438 trementes
497 1375 620 1436 extraxit
640 1374 670 1434 iu
691 1373 810 1436 siccum.
841 1381 870 1434 et
886 1373 973 1434 Giton
989 1373 1104 1452 quidem
1121 1373 1303 1435 iamdudum

193 1483 225 1525 se
239 1463 352 1524 ratione
364 1461 531 1523 acutissima
544 1461 707 1523 redemerat
719 1479 735 1522 a
747 1479 829 1535 caum
845 1459 982 1539 quicquid
997 1459 1075 1520 enim
1091 1479 1107 1520 a
1120 1459 1210 1520 nohis
1222 1479 1303 1522 acce·

192 1556 275 1628 perat
289 1547 324 1608 de
340 1565 417 1620 cena,
433 1546 547 1607 latranti
563 1553 719 1625 sparserat.
749 1553 778 1606 at
793 1545 838 1607 ille
853 1554 989 1607 avocatus
1006 1545 1070 1606 cibo
1085 1546 1220 1608 furorem
1233 1565 1303 1626 sup-

194 1639 352 1713 presserat.
383 1638 512 1692 ceterum
528 1650 593 1692 cum
611 1631 737 1733 algentes
753 1632 852 1711 utique
862 1631 1044 1734 petissemus
1059 1629 1095 1692 ab
1109 1631 1252 1704 oniense,
1273 1642 1303 1694 ut

194 1737 250 1779 uos
263 1726 341 1778 extra
353 1716 468 1778 ianuam
482 1715 635 1788 omitteret,
657 1709 744 1776 erras'
760 1717 855 1795 iuquit
875 1717 900 1777 si
912 1725 998 1796 putas
1010 1723 1038 1777 te
1050 1717 1128 1778 exire
1139 1718 1196 1778 hac
1207 1737 1304 1797 posse,

195 1823 252 1884 qua
271 1803 387 1864 venisti.
416 1819 504 1862 nemo
526 1819 656 1880 uuquam
672 1802 860 1864 convivarum
875 1821 929 1882 per
943 1803 1065 1864 eandem
1081 1802 1199 1865 ianuam
1216 1805 1305 1866 emis-

139 1895 179 1957 73
195 1907 246 1952 sus
262 1898 318 1950 est:
335 1888 388 1950 alia
402 1889 522 1961 intrant,
538 1887 592 1948 alia
607 1878 731 1949 exeunt?
757 1887 824 1967 quid
839 1888 979 1952 faciamus
995 1888 1131 1950 homiues
1146 1888 1304 1952 miserrimi

195 1982 225 2038 et
239 1975 307 2036 novi
323 1974 438 2053 generis
454 1973 618 2053 labyrintho
633 1972 747 2048 inclusi,
764 1974 869 2054 quibus
885 1974 972 2034 lavari
987 1974 1045 2035 iam
1058 1982 1194 2054 coeperat
1205 1983 1303 2038 votum

194 2058 282 2123 esse?
312 2060 390 2122 ultro
406 2077 476 2138 ergo
491 2059 669 2137 rogavimus,
685 2066 717 2120 ut
731 2078 787 2120 nos
804 2059 838 2120 ad
854 2059 989 2120 balneum
1005 2060 1133 2135 duceret,
1148 2061 1304 2138 proiectis-

196 2167 252 2228 que
267 2147 463 2218 vestimentis‚
484 2164 556 2224 quae
571 2145 659 2208 Giton
674 2145 704 2207 iu
720 2145 799 2207 aditu
815 2145 924 2207 siccare
939 2147 1045 2225 coepit,
1061 2146 1198 2208 balneum
1215 2147 1304 2209 intra-

193 2233 302 2306 vimus,
318 2239 475 2316 augustum
492 2229 601 2292 scilicet
616 2238 644 2292 et
660 2230 801 2293 cisternae
815 2231 979 2310 frigidariae
994 2227 1101 2307 simile,
1116 2232 1147 2293 iu
1164 2251 1224 2312 quo
1242 2233 1304 2294 Tri-

195 2318 321 2380 malchio
338 2324 436 2379 rectus
452 2317 554 2378 stabat.
586 2336 620 2377 ac
634 2335 671 2378 ne
686 2318 728 2378 sic
743 2316 860 2395 quidem
872 2316 1087 2397 putidissimam
1100 2319 1162 2380 eius
1175 2318 1303 2380 iactatio-

195 2422 263 2466 nem
279 2403 360 2464 licuit
374 2403 516 2481 ellugere3
532 2419 601 2462 uam
617 2401 689 2463 nihil
704 2403 807 2465 melius
824 2421 890 2464 esse
906 2402 1029 2477 dicebat,
1046 2422 1133 2481 quam
1146 2406 1213 2466 siue
1223 2406 1303 2466 turba

195 2487 298 2562 lavari,
314 2495 344 2549 et
358 2507 393 2548 ao
409 2489 476 2567 ipso
492 2487 557 2548 loco
574 2485 727 2566 aliquando
743 2488 901 2567 pistrinum
915 2489 1017 2551 fuisse.
1049 2489 1152 2550 deinde
1167 2495 1201 2551 ut
1216 2491 1302 2554 lassa·

194 2581 242 2635 tus
264 2572 412 2646 consedit,
435 2571 573 2634 invitatus
596 2571 690 2633 balnei
713 2591 789 2634 sono
810 2573 921 2635 diduxit
940 2593 1034 2654 usque
1053 2575 1087 2636 ad
1108 2594 1299 2638 cameramos

195 2656 309 2720 ebrium
325 2665 354 2718 et
367 2657 467 2736 coepit
481 2657 652 2719 Menecratis
668 2659 777 2719 cantica
792 2659 932 2731 lacerare,
948 2661 1024 2722 siout
1039 2659 1077 2721 illi
1092 2661 1244 2735 dicebaut,
1259 2661 1301 2741 qui

193 2742 323 2822 linguam
344 2742 407 2804 eius
428 2740 632 2819 intelligebant.
663 2743 751 2804 ceteri
771 2744 907 2806 convivae
934 2746 1009 2808 cirea
1033 2745 1146 2808 labrum
1171 2748 1301 2810 manibus

195 2828 277 2890 nexis
293 2827 450 2890 currebant
464 2834 493 2888 et
508 2827 667 2907 gingilipho
684 2829 793 2908 ingenti
809 2830 935 2893 clamore
949 2831 1121 2893 exonabaut.
1151 2832 1197 2894 alii
1209 2841 1302 2896 autem

195 2921 245 2976 aut
258 2913 401 2976 restrictis
425 2912 559 2974 manibus
579 2914 682 2976 anulos
703 2915 739 2976 de
759 2916 926 2996 pavimento
947 2917 1127 2980 conabantur
1141 2920 1243 2982 tollere
1258 2927 1304 2982 aut

195 2999 293 3080 posito
316 3017 393 3079 geuu
409 2999 534 3061 eervices
548 3007 618 3079 post
632 3008 712 3080 terga
727 3002 842 3064 flectere
857 3010 886 3064 et
900 3005 1008 3083 pedum
1024 3011 1171 3066 exuemus
1188 3006 1303 3084 poches

195 3092 324 3164 tangere.
355 3104 421 3158 nos,
437 3086 508 3147 dum
524 3084 571 3147 alii
586 3085 641 3147 sibi
656 3087 742 3148 ludos
757 3088 880 3163 faciunt,
896 3089 927 3151 in
942 3089 1062 3166 solium,
1082 3091 1161 3170 quod
1179 3091 1304 3154 Trimal·

196 3170 295 3232 chioni
312 3171 478 3252 parabatur,
493 3171 698 3234 descendimus
1000 3193 1004 3199 ·

281 3356 351 3418 ergo
372 3341 509 3422 ebrietate
528 3341 662 3406 discussa
678 3343 707 3405 iu
724 3345 799 3407 aliud
815 3346 972 3408 triclinium
987 3346 1103 3411 deducti
1118 3366 1238 3424 sumus,
1258 3348 1304 3410 ubi

197 3425 357 3488 Fortunata
383 3426 571 3506 disposuerat
593 3429 718 3492 lautitias
747 3433 843 3510 [suas]
866 3433 904 3494 ita
929 3440 1071 3512 utsupra
1098 3433 1305 3497 lucernas...

197 3509 394 3590 aeneolosque
413 3513 575 3593 piscatores
596 3517 756 3578 notaverim
784 3524 812 3580 et
833 3536 950 3580 mensas
969 3527 1047 3581 totas
1068 3527 1222 3598 argenteas
1239 3520 1304 3582 cali-

197 3612 303 3678 cesque
319 3594 396 3658 circa
410 3597 512 3659 fictiles
529 3599 676 3662 inauratos
693 3610 722 3664 et
737 3603 837 3665 vinum
850 3603 879 3665 in
891 3613 1053 3685 conspectu
1066 3625 1151 3668 saeco
1165 3607 1303 3670 dellueus.

196 3688 260 3743 tum
275 3681 452 3744 Trimalchio
465 3675 570 3746 ‘amici'
586 3686 680 3766 iuquit
690 3678 790 3751 ‘hodie
806 3709 907 3752 servus
923 3709 1006 3752 meus
1022 3691 1219 3754 barbatoriam
1231 3693 1304 3764 fecit,

197 3767 287 3828 homo
304 3768 471 3848 praefiscini
486 3770 563 3850 frugi
579 3778 608 3834 et
622 3771 768 3836 micarius.
798 3776 894 3855 itaque
908 3769 1003 3859 τέγγε
1016 3770 1203 3858 πνεύμονας
1216 3779 1304 3846 lacia-

141 3854 182 3916 74
197 3870 265 3915 mus
281 3860 310 3917 et
323 3872 417 3937 usque
432 3855 463 3918 iu
477 3855 571 3920 lucem
589 3851 743 3922 cenamus?
774 3861 846 3927 haec
857 3862 970 3930 dicento
981 3881 1015 3928 ao
1028 3864 1120 3950 gallus
1132 3864 1303 3950 gallinaceus
