2762 4344
622 1208 643 1248 il·

156 1337 245 1404 ‘num
260 1341 316 1403 alio
332 1360 437 1421 genere
451 1343 595 1404 furiarum
611 1344 820 1405 declamatores
836 1343 1046 1424 inquietantur,
1063 1344 1112 1424 qui
1127 1345 1185 1408 cla·
1204 1353 1218 1412 1

73 1436 170 1491 mant:
181 1419 280 1489 “haee
293 1428 412 1490 vulnera
429 1447 483 1508 pro
499 1429 630 1490 libertate
645 1429 759 1509 publica
773 1430 887 1509 excepi3
903 1429 982 1490 hunc
997 1429 1115 1492 oculum
1129 1450 1185 1511 pro

76 1515 160 1575 robis
171 1513 314 1592 impendi:
331 1514 396 1575 date
408 1515 479 1575 mihi
492 1515 605 1588 ducem,
623 1516 672 1595 qui
685 1533 732 1576 me
745 1516 832 1577 ducat
843 1516 878 1576 ad
890 1515 997 1577 liberos
1008 1535 1102 1592 meos,
1117 1535 1186 1579 nam

77 1601 184 1662 succisi
194 1600 320 1680 poplites
332 1599 461 1662 membra
474 1618 534 1662 non
547 1592 739 1662 sustinent”⁶?
751 1602 823 1663 haec
834 1602 898 1681 ipsa
909 1601 1070 1664 tolerabilia
1078 1610 1186 1676 essent,

75 1688 101 1747 si
121 1687 157 1747 ad
178 1685 375 1764 eloquentiam
395 1685 479 1747 ituris
500 1687 575 1747 viam
596 1687 734 1748 facerent.
764 1705 844 1749 nunc
863 1695 892 1748 et
911 1706 1011 1748 rerum
1026 1695 1143 1750 tumore
1158 1697 1187 1750 et

73 1773 287 1833 sententiarum
309 1772 467 1832 vanissimo
489 1773 613 1852 strepitu
633 1773 691 1834 hoc
709 1779 823 1834 tantum
836 1773 1008 1853 proficiunt,
1028 1782 1061 1836 ut
1074 1793 1141 1836 cum
1156 1775 1186 1835 in

72 1859 171 1920 forum
199 1857 348 1930 venerint,
375 1864 479 1937 putent
503 1877 534 1918 se
554 1860 585 1918 in
605 1858 692 1919 alium
714 1859 817 1920 orbem
837 1867 982 1920 terrarum
1002 1858 1123 1920 delatos.
1158 1867 1187 1920 et

72 1944 137 2004 ideo
158 1961 214 2022 ego
236 1942 470 2004 adulescentulos
494 1943 628 2005 existimo
650 1944 680 2003 in
697 1945 806 2005 scholis
823 1945 1015 2005 stultissimos
1030 1945 1103 2018 fieri,
1119 1945 1185 2023 quia

75 2029 146 2090 nihil
157 2047 192 2090 ex
208 2029 265 2100 hie,
283 2046 356 2106 quae
371 2029 402 2089 in
415 2047 471 2088 usu
484 2029 637 2102 habemus,
655 2034 704 2090 aut
720 2030 842 2091 audiunt
857 2037 907 2091 aut
920 2029 1026 2104 vident,
1042 2031 1093 2092 scd
1106 2031 1185 2108 pira-

78 2123 121 2175 tas
142 2133 207 2175 cum
230 2114 339 2174 eatenis
360 2114 391 2174 in
409 2114 495 2176 litore
516 2122 642 2187 stantes,
670 2115 721 2175 sed
741 2122 881 2194 tyrannos
902 2115 994 2176 edicta
1014 2115 1186 2188 scribentes,

83 2199 186 2278 quibus
201 2200 348 2279 imperent
362 2200 427 2260 tiliis
443 2207 476 2261 ut
491 2208 608 2279 patrum
624 2218 745 2260 suorum
763 2201 855 2279 capita
871 2200 1048 2279 praecidant,
1070 2200 1123 2261 scd
1137 2219 1186 2260 re-

79 2303 188 2365 sponsa
202 2286 233 2344 in
249 2285 444 2364 pestilentiam
460 2286 536 2359 data,
550 2293 584 2346 ut
598 2285 722 2363 virgines
737 2291 796 2345 tres
813 2289 862 2346 aut
877 2285 976 2364 plures
988 2283 1185 2359 immolentur,

75 2373 126 2432 sed
147 2370 276 2432 mellitos
296 2371 450 2432 verborum
473 2371 606 2450 globulos
629 2378 658 2431 et
677 2371 775 2431 omnia
796 2370 871 2432 dicta
885 2371 1018 2449 factaque
1033 2371 1117 2450 quasi
1131 2390 1184 2451 pa-

74 2476 183 2537 pavere
202 2464 233 2518 et
252 2474 369 2517 sesamo
391 2475 502 2535 sparsa.
533 2456 583 2535 qui
603 2457 678 2516 inter
697 2457 770 2517 haec
789 2463 903 2518 tantum
924 2456 1107 2529 nutriuntur,
1123 2473 1185 2518 non
1201 2453 1219 2513 2

75 2544 167 2621 magis
195 2560 299 2621 sapere
324 2550 465 2621 possunt,
492 2561 578 2620 quam
602 2543 675 2603 hene
694 2542 785 2614 olere,
813 2543 912 2622 quiin
932 2542 1184 2604 eulinahahitant.

74 2648 145 2708 pace
170 2635 265 2690 vestra
284 2627 367 2688 liceat
387 2627 508 2698 dixisse,
532 2628 620 2706 primi
640 2629 773 2688 omnium
794 2628 988 2707 eloquentiam
1008 2628 1185 2707 perdidistis.

74 2715 187 2774 levibus
209 2713 287 2774 enim
304 2720 390 2792 atque
405 2713 540 2774 inanibus
557 2713 638 2774 sonis
653 2713 780 2773 ludibria
796 2714 937 2792 quaedam
953 2714 1104 2775 excitando
1117 2714 1185 2774 elle-

77 2800 171 2871 cistis,
189 2806 222 2860 ut
237 2817 346 2877 corpus
362 2799 503 2858 orationis
520 2807 706 2859 enervaretur
722 2806 751 2859 et
766 2800 889 2860 caderet.
920 2799 1053 2860 nondum
1068 2800 1184 2866 iuvenes

80 2884 335 2945 declamationibus
351 2885 588 2956 continebantur,
608 2903 674 2945 cum
692 2884 855 2964 Sophocles
871 2891 921 2945 aut
935 2885 1088 2963 Euripides
1103 2884 1182 2944 inve-

80 2977 186 3030 nerunt
202 2969 302 3040 verba,
326 2969 432 3048 quibus
453 2969 591 3031 deberent
608 2969 697 3048 loqui.
728 2971 861 3031 nondum
883 2969 1060 3030 umbraticus
1080 2969 1186 3029 doctor

77 3055 191 3134 ingenia
212 3055 368 3126 deleverat,
390 3073 457 3116 cum
473 3055 618 3116 Pindarus
639 3072 804 3133 novemque
819 3054 899 3133 lyrici
915 3053 1078 3114 Homericis
1093 3054 1185 3114 versi-

75 3142 132 3202 bus
153 3159 259 3203 canere
278 3141 447 3202 timuerunt.
479 3147 508 3202 et
527 3160 564 3203 ne
580 3147 684 3220 poetas
700 3140 796 3200 solum
812 3140 849 3201 ad
863 3139 1063 3200 testimonium
1086 3139 1184 3212 citcm,

76 3235 153 3288 certe
168 3229 264 3306 n'eque
275 3226 396 3288 Platona
410 3244 505 3305 neque
517 3226 733 3287 Demosthenen
749 3224 786 3286 ad
801 3225 858 3286 hoc
868 3243 959 3303 genus
971 3224 1185 3286 exercitationis

74 3313 237 3374 accessisse
263 3311 356 3373 video.
394 3312 563 3391 grandis'et
581 3320 615 3374 ut
639 3312 679 3372 ita
702 3311 794 3374 dicam
817 3310 922 3390 pudiea
943 3310 1036 3371 oratio
1060 3318 1187 3372 nonest

74 3399 225 3460 maculosa
244 3415 300 3458 neo
320 3399 449 3476 turgida,
471 3397 522 3458 sed
543 3397 669 3459 naturali
689 3395 903 3476 pulchritudine
923 3396 1061 3476 exsurgit.
1092 3414 1187 3476 nuper

74 3491 198 3545 ventosa
218 3483 308 3544 istaec
327 3489 356 3544 et
377 3484 506 3544 enormis
527 3483 686 3561 loquacitas
702 3481 829 3542 Athenas
850 3501 884 3542 er
899 3481 966 3542 Asia
983 3481 1186 3560 commigravit

75 3571 252 3648 animosque
271 3569 407 3630 iuvenum
429 3569 465 3630 ad
488 3585 590 3647 magna
613 3574 767 3646 surgentes
788 3567 875 3630 veluti
896 3567 1042 3647 pestilenti
1058 3567 1185 3647 quodam

76 3655 172 3715 sidere
190 3654 315 3725 adflavit,
333 3653 480 3734 semelque
495 3660 633 3732 corrupta
649 3653 747 3730 regule
763 3653 926 3733 eloquentia
941 3653 1020 3714 stetit
1035 3652 1186 3714 etobmu·

75 3742 141 3802 tuit.
171 3740 207 3801 ad
230 3758 391 3814 summanr,
413 3741 478 3819 quis
499 3747 601 3818 postea
618 3738 810 3819 Thucydidis,
832 3739 898 3819 quis
914 3738 1069 3818 Hyperidis
1090 3737 1124 3797 ad
1141 3737 1185 3797 fa·

75 3845 156 3886 mam
185 3822 354 3904 processit?
390 3845 424 3886 ac
445 3844 482 3886 ne
502 3843 619 3887 carmen
639 3824 756 3904 quidem
777 3826 840 3886 sani
861 3824 969 3885 coloris
989 3823 1105 3892 enituit,
1132 3822 1185 3882 sed

77 3911 179 3972 omnia
195 3911 278 3990 quasi
294 3912 396 3973 codem
413 3911 477 3972 cibo
493 3918 576 3990 pasta
593 3915 830 3990 nonpotuerunt
843 3926 939 3988 usque
955 3909 991 3970 ad
1007 3913 1187 3970 senectutem

955 4007 986 4062 ,t
