2728 4344
554 269 697 324 emerus

569 423 688 486 xxuss

267 529 327 602 Tu,
343 527 393 608 qui
407 545 469 589 non
484 527 559 589 hene
574 528 684 606 cogitas
699 534 728 588 ct
742 543 827 606 aegre

267 614 414 695 carpendo
430 613 482 674 tihi
497 621 645 692 temperas
661 613 696 674 ab
712 613 814 688 horto,

266 699 438 780 pedicabere
453 699 564 760 fascino
580 697 685 778 pedali.

268 785 346 865 quod
363 785 387 846 si
403 792 463 846 tam
478 784 574 864 gravis
590 791 620 844 et
634 783 758 846 molesta
774 802 868 864 poena

266 889 327 932 nou
342 869 512 950 profecerit,
529 869 631 932 altiore
646 877 776 949 tangam.

554 1040 686 1101 XXVllll

268 1142 448 1216 Obscoeuis,
463 1160 594 1221 peream,
611 1141 727 1221 Priape,
745 1141 770 1203 si
786 1161 847 1203 uon

268 1228 308 1289 uti
326 1247 373 1289 me
388 1228 479 1308 pudet
493 1227 696 1306 improbisque
712 1227 815 1288 verbis.

268 1314 319 1374 sed
336 1332 403 1374 cum
415 1320 447 1375 tu
462 1313 560 1392 posito
576 1313 647 1373 deus
663 1313 778 1391 pudore

269 1399 408 1460 ostendas
424 1398 496 1459 mihi
511 1398 610 1460 coleos
626 1403 774 1477 patentes,

269 1502 334 1545 cum
352 1501 450 1545 cunno
466 1483 538 1545 mihi
553 1483 680 1544 mentula
696 1489 741 1544 cst
755 1482 893 1544 vocanda.

584 1653 665 1713 XXX

264 1746 364 1817 ‘Falce
380 1756 477 1818 minax
492 1763 521 1816 et
535 1763 618 1834 parce
633 1755 675 1816 tui
691 1755 815 1827 maiore,
831 1754 953 1834 Priape,

310 1842 345 1903 ad
361 1841 487 1915 fontem,
502 1859 624 1919 quaeso,
640 1839 687 1901 dic
700 1839 772 1900 mihi
788 1858 844 1919 qua
861 1839 899 1901 sit
914 1831 987 1900 iter.²

268 1927 337 1988 vade
353 1945 405 2006 per
418 1927 472 1988 has
488 1926 572 1999 vites,
587 1944 709 2005 quarum
726 1925 751 1986 si
768 1926 911 2004 carpseris
928 1943 1015 1998 uvae,

311 2029 362 2072 cur
377 2011 458 2074 aliter
474 2030 588 2083 sumas,
604 2012 729 2090 hospes,
745 2009 864 2070 habebis
880 2028 979 2089 aquas.

575 2179 670 2240 XXXI

267 2284 367 2344 Donec
382 2290 517 2361 proterva
532 2281 573 2342 nil
587 2281 646 2342 mei
661 2297 751 2342 manu
767 2299 884 2362 carpes,

267 2368 365 2430 licebit
379 2368 442 2447 ipsa
458 2367 498 2427 sis
514 2366 649 2445 pudicior
663 2367 759 2427 Vesta.

269 2453 327 2526 sin,
342 2455 413 2514 hacc
428 2452 525 2513 meite
539 2451 647 2513 ventris
662 2471 742 2512 arma
756 2451 906 2524 lambunt,

269 2539 346 2600 exire
362 2546 394 2600 ut
407 2539 471 2618 ipsa
488 2539 523 2599 de
537 2544 589 2599 tuo
606 2555 694 2617 queas
710 2536 784 2598 culo.

571 2707 676 2771 XXXII
724 2775 726 2778 ,

270 2811 337 2873 Vvis
353 2809 462 2871 aridior
477 2808 571 2889 puella
586 2809 696 2889 pessis,

268 2896 347 2957 buxo
363 2895 496 2975 pallidior
511 2912 644 2972 novaque
660 2911 740 2964 cera,

270 2981 386 3042 collatas
404 2980 459 3041 sibi
475 2999 548 3060 quae
565 2979 684 3058 suisque
699 2976 843 3037 membris

268 3065 407 3128 formicas
421 3065 490 3126 facit
505 3064 595 3125 altiles
610 3062 714 3135 videri,

270 3152 351 3213 cuius
367 3150 477 3211 viscora
491 3168 553 3210 non
568 3157 666 3229 aperta
681 3147 797 3208 Tuscus

269 3255 322 3315 per
337 3236 441 3316 pellam
456 3235 564 3313 poterit
578 3235 674 3295 videre
688 3232 853 3312 haruspex,

271 3340 343 3401 quae
358 3340 429 3382 suco
447 3328 524 3381 caret
537 3339 630 3399 usque
646 3319 740 3398 putris
755 3336 880 3396 pumex,

270 3423 358 3467 nemo
375 3405 478 3466 viderit
492 3405 567 3466 hanc
582 3412 614 3466 ut
629 3410 817 3484 expueutcm,

271 3510 357 3571 quam
374 3510 429 3570 pro
447 3491 589 3570 sanguiue
602 3490 750 3569 pulverem
767 3487 947 3565 scobemque

270 3577 301 3637 in
318 3577 397 3638 venis
414 3575 518 3637 medici
534 3582 638 3655 putant
652 3573 776 3644 habere,
1053 3587 1083 3637 10

271 3661 307 3723 ad
323 3681 370 3722 me
385 3668 470 3722 nocte
486 3660 562 3721 solet
577 3659 675 3720 venire
691 3665 719 3718 et
733 3658 818 3719 affert

272 3746 413 3827 pallorem
428 3745 610 3824 maciemque
623 3743 773 3804 larualem.

274 3832 382 3893 ductor
397 3832 510 3893 ferreus
526 3829 740 3909 insulariusque

272 3916 425 3979 lanternae
440 3917 542 3979 videor
555 3915 660 3978 lricere
675 3931 778 3977 cornu.

722 4022 731 4039 x
953 4010 986 4063 8*
