2728 4344
168 218 228 280 104
632 208 789 262 Pltl'lloltll

235 384 267 434 ιο
353 365 495 446 poenitet,
510 371 540 426 et
553 363 651 442 pudor
664 371 710 425 est
724 371 804 425 stare
817 365 862 426 ria
876 365 980 427 media.

309 469 376 513 ecce
390 457 486 512 tacent
499 467 586 510 voces
602 449 756 512 hominurn
772 449 970 530 strepitusque
985 451 1096 514 viarum

351 543 380 596 et
393 533 544 596 volucmm
560 541 662 597 cantus
677 535 822 614 turbaque
837 535 893 598 fida
909 553 1032 598 canum:

309 620 391 682 aolus
406 639 460 698 ego
476 639 510 680 ex
525 619 637 680 cunctis
653 637 744 699 paveo
760 637 958 700 somnumque
972 629 1130 703 torumque

352 713 381 767 et
394 722 504 785 sequor
518 704 690 785 imperium,
706 723 810 784 magne
825 706 951 785 Cupido,
965 713 1050 768 tuum

614 886 817 950 xxxxvuu*

310 991 348 1053 sit
362 1008 422 1052 uox
438 989 484 1052 illa
498 989 548 1051 diu
562 987 650 1049 nobis
666 988 781 1062 dilecta,
797 989 914 1062 Nealce,

352 1094 425 1155 quae
437 1082 467 1136 tc
481 1074 577 1154 prima
591 1092 657 1134 meo
674 1081 793 1154 pectore
808 1074 989 1154 composuit:

311 1161 350 1224 sit
363 1169 446 1222 torus
462 1167 492 1220 et
504 1159 568 1220 lecti
583 1158 685 1237 genius
701 1167 869 1239 secretaque
882 1161 983 1239 longa,

353 1245 435 1325 queis
450 1252 549 1305 tenera
564 1245 594 1304 in
609 1251 746 1306 nostrum
761 1246 875 1307 veneris
890 1245 1051 1306 arbitrium.

311 1349 381 1409 ergo
396 1348 448 1410 age
464 1331 616 1404 duremus,
631 1330 762 1410 quamvis
777 1330 935 1392 adoleverit
949 1338 1042 1404 aetas,

353 1423 527 1495 utamurque
543 1415 626 1476 aunis
642 1434 718 1496 quos
734 1433 818 1477 mora
833 1433 923 1495 parva
938 1421 1025 1476 tenet

311 1501 356 1562 fas
371 1508 400 1561 et
414 1501 477 1561 iura
493 1501 593 1561 sinunt
608 1506 721 1562 veteres
738 1501 894 1562 extendere
909 1517 1039 1572 amorem

352 1585 398 1649 fac
413 1584 469 1648 cito
485 1585 563 1667 quod
580 1593 718 1668 coeptum
734 1592 793 1661 est,
809 1602 871 1646 non
886 1585 944 1646 cito
960 1584 1094 1646 desinere

690 1768 713 1829 L
721 1767 735 1800 ’l

312 1867 429 1951 parvula
443 1885 549 1930 securo
563 1867 668 1946 tegitur
684 1865 755 1928 mihi
771 1867 897 1929 culmine
912 1869 1005 1930 sedes.

312 1957 384 2018 dant
397 1953 471 2015 rami
488 1971 618 2029 cerasos,
635 1953 705 2014 dant
719 1953 793 2014 mala
808 1952 942 2015 rubentia
957 1954 1058 2028 silvae,

310 2057 422 2119 uvaque
436 2039 520 2119 plena
536 2057 618 2100 mero
634 2038 759 2100 fecunda
774 2039 883 2120 pendet
898 2039 934 2099 ab
949 2039 1045 2112 ulmo,

311 2124 529 2204 Palladiumque
545 2142 649 2185 nemus
665 2123 767 2204 pingui
782 2143 814 2186 se
829 2124 935 2185 vertice
948 2125 1065 2203 frangit.

314 2211 371 2272 iam
386 2227 442 2289 qua
458 2210 592 2272 diductos
608 2216 691 2289 potat
700 2209 771 2270 levis
786 2227 851 2270 area
864 2209 977 2282 fontes,

312 2295 464 2375 Corycium
479 2295 551 2356 mibi
566 2295 661 2374 surgit
675 2295 740 2357 clus
755 2294 922 2372 maluaeque
937 2294 1060 2372 supinae

312 2388 342 2442 et
355 2399 416 2442 non
432 2379 572 2442 sollicitos
589 2380 716 2442 missura
730 2397 871 2459 papavera
887 2397 1020 2440 somnos.

312 2474 460 2546 praeterea
475 2465 534 2526 sive
548 2465 665 2526 alitibus
682 2471 836 2525 contexere
849 2463 982 2525 fraudem

313 2569 364 2612 seu
381 2550 473 2629 magis
489 2549 619 2610 imbelles
635 2548 718 2610 libuit
732 2548 913 2609 circumdare
929 2567 1044 2622 cervos,

314 2642 365 2697 aut
378 2635 461 2696 tereti
474 2633 534 2694 lino
550 2634 687 2713 pavidum
702 2632 865 2694 subducere
879 2633 1006 2711 piscem,

312 2721 368 2782 bos
382 2727 496 2782 tantum
512 2737 619 2780 novere
635 2718 721 2778 dolos
736 2736 800 2778 mea
816 2717 934 2778 sordida
949 2737 1025 2781 rura.

312 2805 323 2868 i
336 2823 417 2867 nunc
430 2812 460 2866 et
473 2804 547 2866 vitae
560 2803 698 2883 fugientis
712 2810 845 2882 tempora
860 2803 953 2864 rende
1036 2823 1042 2834 ’

314 2890 453 2953 divitibus¹
466 2889 555 2954 cenis.
584 2909 632 2951 me
647 2887 673 2949 si
688 2895 788 2950 manet
802 2888 910 2963 exitus,
926 2888 1003 2950 idem

312 2975 374 3050 bic,
389 2993 507 3056 precor,
524 2974 652 3037 invenior
667 2981 899 3055 consumptaque
912 2969 1047 3055 tempora
1061 2993 1169 3055 poscar

695 3156 753 3220 Ll*

314 3275 333 3317 o
348 3255 416 3318 litus
431 3255 488 3318 rita
503 3256 575 3319 mihi
590 3255 718 3330 dulcius,
735 3275 753 3318 o
769 3275 862 3318 mare:
877 3257 943 3320 felix

357 3342 403 3403 cui
416 3340 483 3404 licet
493 3343 529 3404 ad
545 3349 637 3404 terras
652 3342 695 3403 ire
709 3341 833 3404 subinde
848 3361 936 3404 meas.

316 3445 334 3486 o
349 3427 482 3488 formosa
498 3428 575 3490 dies:
590 3427 648 3489 hoc
663 3428 811 3508 quondam
826 3446 894 3489 rure
909 3423 1039 3487 solebam

358 3509 464 3572 Naidas
479 3521 588 3575 armata
605 3513 757 3575 sollicitare
772 3530 869 3574 manu.

258 3611 273 3662 5
316 3594 365 3657 hic
378 3595 469 3656 fontis
484 3597 563 3659 lacus
579 3605 637 3671 est,
652 3598 710 3660 illic
725 3598 808 3660 sinus
824 3594 913 3676 egerit
924 3595 1010 3673 algas.

357 3680 405 3742 hic
419 3682 506 3742 statio
522 3689 567 3743 est
580 3683 675 3745 tacitis
690 3683 762 3745 ricta
779 3679 971 3762 cupidinibus.

315 3765 371 3828 illic
385 3765 502 3828 alternis
519 3767 665 3847 depugnat
679 3775 789 3847 pontus
805 3773 834 3827 et
849 3782 911 3836 aer,

358 3850 406 3913 bic
419 3851 481 3912 rivo
496 3851 576 3914 tenui
590 3852 690 3932 pervia
704 3853 780 3913 ridet
793 3851 910 3911 burnus.
