2762 4344
500 255 644 309 sanrmn
668 303 671 308 ,
1081 263 1122 324 45

15 421 82 493 post
95 414 151 474 bas
167 431 281 493 preces,
299 419 329 473 et
343 412 424 492 prior
440 413 573 494 Ascyltos
584 404 660 492 ‘ego’
673 413 769 493 inquit
778 403 877 474 ‘finem
891 414 1053 480 discordiae
1064 418 1122 478 im-

18 517 132 577 ponam.
166 518 240 578 puer
254 499 329 578 ipse,
346 517 432 578 quem
443 499 511 564 vult.
527 508 673 578 sequatur,
689 506 723 564 ut
734 499 772 561 sit
782 499 822 560 illi
833 499 934 560 saltem
946 501 978 562 in
990 503 1121 583 eligendo

17 585 98 646 iratre
114 583 194 646 salva
206 575 344 644 libertas?
365 603 419 663 ego
432 585 480 664 qui
492 585 719 646 vetustissimam
731 585 973 648 consuetudinem
985 590 1123 668 putabam

20 671 46 729 in
60 671 211 748 sanguinis
228 670 335 750 pignus
351 671 505 744 transisse,
522 671 594 731 nihil
608 670 701 744 timui,
716 671 807 732 immo
824 671 1021 735 conditionem
1038 695 1123 755 prae-

23 757 92 834 cipiti
107 756 298 818 festinatione
313 755 397 834 rapui
413 756 605 835 commisique
619 755 707 817 iudici
722 755 815 831 litem,
835 757 937 836 quine
957 759 1125 822 deliberavit

23 842 144 919 quidem,
160 849 193 903 ut
207 841 355 902 videretur
369 848 530 916 cunctatus,
544 859 644 903 verum
656 842 753 903 statim
766 842 802 902 ab
814 850 941 903 extrema
953 854 1034 923 parte
1045 847 1124 907 verbi

22 926 202 988 consurrexit
221 938 247 988 et
266 927 387 988 fratrem
406 928 543 1007 Ascylton
565 927 658 1006 elegit.
687 927 857 989 fulminatus
877 928 932 988 boc
949 933 1123 1009 pronuntia-

22 1013 106 1084 tione,
122 1013 164 1072 sic
177 1020 210 1074 ut
224 1031 313 1087 eram,
330 1013 394 1072 sine
409 1012 504 1091 gladio
520 1014 550 1074 in
566 1012 701 1074 lectulum
719 1013 822 1086 decidi,
838 1021 866 1074 et
878 1014 1039 1076 attulissem
1052 1017 1124 1077 mihi

27 1098 175 1159 damnatus
188 1115 303 1171 manna,
319 1097 345 1158 si
359 1115 421 1158 non
437 1098 546 1159 inimici
558 1097 694 1160 victoriae
708 1098 886 1163 invidissem.
913 1102 1059 1179 egreditur
1071 1121 1123 1163 su-

25 1183 129 1261 perbus
149 1203 212 1244 oum
233 1183 366 1262 praemio
381 1183 514 1263 Ascyltos
536 1193 565 1244 et
583 1184 670 1262 paulo
687 1191 753 1246 ante
768 1185 953 1246 carissimum
969 1187 1024 1248 sibi
1040 1205 1123 1248 com·

24 1269 181 1330 militonem
196 1270 390 1348 fortunaeque
410 1269 496 1330 etiam
513 1269 703 1330 similitudine
718 1289 818 1350 parem
834 1272 864 1331 in
881 1272 946 1332 loco
969 1272 1122 1353 peregrino

22 1354 149 1417 destituit
162 1355 313 1416 abiectum.

182 1459 290 1502 nomen
305 1439 448 1502 amicitiae
464 1439 520 1514 sic,
536 1448 680 1521 quatenns
695 1441 820 1520 expedit,
835 1441 947 1519 baeret;

219 1525 345 1586 calculus
360 1525 390 1585 in
405 1525 500 1587 tabula
516 1527 623 1588 mobile
638 1526 717 1588 ducit
733 1546 818 1607 opus.
969 1536 973 1542 '

184 1629 250 1672 cum
264 1611 383 1672 fortuna
397 1619 509 1685 manet,
525 1613 636 1674 vultum
652 1615 786 1688 serratis,
802 1615 902 1691 amiei3

225 1716 291 1757 curn
309 1697 425 1770 cecidit,
440 1699 519 1777 turpi
533 1699 644 1760 vertitis
661 1717 712 1761 ora
726 1699 804 1778 fuga.

183 1853 251 1913 grex
266 1834 369 1914 agitio
385 1854 489 1897 scaena
505 1836 644 1898 mimum:
660 1845 742 1917 pater
756 1839 803 1901 ille
819 1848 951 1913 vocatur,

225 1921 302 1981 lilius
317 1921 380 1992 bic,
396 1940 505 1983 nomen
520 1923 615 1984 divitis
631 1923 676 1984 ille
690 1931 779 2001 tenet.

183 2025 252 2066 mox
268 2006 316 2067 ubi
331 2007 467 2070 ridendas
483 2007 601 2070 inclusit
615 2010 720 2089 pagina
736 2018 848 2090 partes,

223 2111 288 2158 vera
303 2092 379 2154 redit
392 2093 494 2169 faciae,
510 2095 679 2156 adsimulata
695 2096 779 2175 perit.

105 2226 221 2287 neo-aiu
235 2233 335 2287 tamen
350 2227 476 2288 lacrimis
492 2227 611 2300 indulsi,
628 2227 679 2296 sed
694 2227 811 2300 veritus,
826 2245 863 2288 ne
873 2227 1020 2290 Menelaus
1036 2231 1123 2291 etiam
1140 2231 1178 2294 81

26 2311 249 2372 antescholarius
268 2312 343 2373 inter
364 2320 458 2374 cetera
479 2312 552 2373 mala
572 2313 668 2374 solum
685 2333 731 2374 me
746 2313 775 2373 in
792 2313 958 2374 deversorio
973 2315 1123 2391 inveniret,

25 2397 126 2474 collegi
145 2397 301 2459 sarcinulas
319 2399 476 2479 locumque
497 2406 642 2460 secretum
661 2406 690 2460 et
708 2400 875 2478 proximum
895 2400 1123 2464 litorimaestus

29 2481 159 2542 conduxi.
185 2483 224 2544 ibi
243 2483 341 2544 triduo
362 2484 493 2545 inclusus
514 2483 653 2546 redeunte
673 2485 703 2545 in
722 2485 852 2546 animum
869 2485 1024 2549 solitudine
1039 2495 1124 2568 atque
1196 2502 1199 2511 '

30 2573 191 2647 contemptu
211 2569 399 2630 verberabam
419 2589 539 2649 aegrum
558 2570 722 2650 planetibus
743 2579 845 2652 pectus
865 2579 894 2633 et
912 2573 987 2634 inter
1013 2581 1058 2636 tot
1082 2575 1124 2636 al-

25 2651 152 2715 tissimos
161 2655 288 2732 ‘gemitus
300 2655 468 2735 frequenter
479 2656 563 2717 etiam
576 2657 807 2736 proclamabam:
820 2651 901 2737 ‘ergo
913 2679 961 2722 me
973 2679 1034 2722 non
1042 2661 1124 2722 ruina

23 2743 100 2796 terra
117 2741 210 2816 potuit
224 2739 362 2806 haurire?
383 2759 445 2802 non
459 2737 565 2803 iratum
582 2744 668 2805 etiam
686 2744 891 2806 innocentibus
906 2745 1008 2809 marei
1038 2747 1125 2826 ellugi

25 2822 172 2898 iudicium,
189 2827 314 2887 harenae
328 2827 473 2906 imposui,
489 2827 635 2907 hospitem
654 2830 760 2900 occidi,
776 2839 811 2891 ut
825 2831 900 2894 inter
915 2833 1052 2894 audaciae
1067 2850 1124 2892 no-

22 2909 99 2970 mina
112 2913 278 2983 mendicus,
300 2912 378 2990 exal,
399 2911 430 2972 in
450 2914 617 2974 deversorio
633 2915 758 2976 Graecae
776 2917 858 2978 urbis
877 2919 1000 2980 iacerem
1022 2918 1124 2978 deser-

21 2992 91 3055 tus?
119 3004 147 3058 et
167 2997 232 3077 quis
252 2998 329 3058 banc
349 2998 420 3058 milri
443 2998 629 3060 solitudinem
650 3000 815 3080 imposuit?
849 3003 1021 3063 adulescens
1043 2997 1124 3061 omni

19 3078 135 3142 libidine
154 3082 290 3162 impurus
312 3090 341 3144 et
359 3102 411 3145 sua
433 3102 549 3164 quoque
569 3086 756 3147 confessione
776 3087 881 3167 dignus
901 3088 1000 3161 exilio,
1020 3094 1123 3166 stupro

18 3165 97 3241 liber,
109 3174 213 3248 stupro
227 3171 379 3246 ingenuus,
392 3171 475 3230 cuius
488 3170 555 3230 anni
567 3172 602 3232 ad
614 3180 755 3234 tesseram
767 3173 944 3246 laoniarum,
958 3192 1044 3252 quem
1056 3180 1124 3233 tan-

20 3269 104 3330 quam
125 3254 252 3333 puellam
274 3255 412 3316 conduxit
431 3255 517 3316 etiam
539 3257 588 3336 qui
607 3259 700 3320 virum
721 3261 841 3338 putavit.
877 3259 944 3339 quid
965 3259 1011 3319 ille
1031 3255 1124 3320 alter?

19 3337 68 3415 qui
86 3341 242 3418 [tanquam]
262 3339 308 3400 die
323 3347 408 3419 togae
422 3341 512 3402 virilis
528 3343 633 3405 stolam
650 3345 790 3424 sumpsit3
811 3345 869 3424 qni,
884 3364 922 3406 ne
938 3344 981 3407 vir
995 3353 1087 3418 esset,
1108 3363 1125 3406 a

20 3431 110 3483 matre
124 3443 284 3504 persuasus
300 3433 353 3498 est,
370 3426 419 3504 qni
435 3443 511 3506 opus
528 3429 667 3491 muliebre
681 3431 712 3490 in
728 3430 874 3507 ergastulo
886 3431 962 3508 fecit,
978 3431 1026 3512 qui
1038 3439 1122 3511 post·
1147 3441 1150 3446 '

19 3525 104 3585 quam
113 3511 306 3572 ‚conturbavit
320 3519 348 3572 et
362 3511 490 3574 lrbrdrnrs
507 3533 576 3578 suae
588 3516 684 3577 solum
697 3516 789 3589 vertit,
805 3517 922 3597 reliquit
933 3520 1037 3580 veteris
1050 3517 1125 3579 ami-

19 3593 100 3654 citiae
114 3614 224 3657 nomen
236 3603 274 3666 et,
286 3597 363 3675 prob
375 3598 479 3677 pudor,
494 3607 632 3680 tanquam
644 3600 749 3662 mulier
761 3604 916 3666 secutuleia
928 3607 1016 3667 unius
1028 3602 1123 3664 noctis

19 3686 94 3740 tactu
111 3683 210 3744 omnia
225 3682 362 3745 vendidit.
393 3684 489 3747 iacent
502 3703 581 3746 nuno
596 3695 740 3749 amatores
757 3689 875 3769 obligati
890 3692 1028 3753 noctibus
1043 3687 1124 3759 totis,

17 3771 49 3822 et
67 3766 191 3828 forsitan
214 3768 324 3829 mutuis
346 3769 514 3831 lrbrdrnrbus
536 3771 625 3833 attriti
648 3774 780 3837 derident
805 3777 991 3838 solitudinem
1018 3789 1122 3833 meam.

17 3850 69 3909 sed
89 3869 150 3913 non
171 3853 301 3934 impune.
331 3873 399 3916 nam
419 3863 469 3916 aut
488 3856 531 3916 vir
551 3875 604 3962 eqo
624 3859 754 3942 liberque
773 3879 833 3924 non
853 3881 935 3935 sum,
963 3866 1013 3922 aut
1032 3855 1122 3920 noxio

16 3938 161 4016 sanguine
174 3939 335 4022 parentabo
351 3939 474 4003 iniuriae
488 3961 580 4008 meae.
