2762 4344
576 299 716 354 serraca
1156 306 1197 367 57

79 449 261 520 terlabitur?
286 447 332 518 ‘ut
346 446 836 534 scias'ruqmtllumolpusverum
849 476 925 530 essa,
942 457 1115 537 quoddam,
1132 476 1198 520 ecce

79 544 175 605 etiam
193 542 319 604 osculo
311 561 385 602 tram
401 541 530 602 linioit
508 550 614 621 itaque,
630 543 711 620 quod
726 542 800 603 bene
815 544 940 618 eveniat,
959 544 1091 623 expedite
1106 543 1198 605 sarci·

79 631 171 692 nulas
187 636 218 689 ιι
232 626 278 688 ιιι
294 627 450 724 sequimini
465 645 514 687 me
527 628 579 700 rel,
595 627 621 688 si
637 627 787 700 mavultis,
804 619 915 689 ducite'
948 629 1043 690 adbuc
1056 629 1198 708 loqueba-

80 727 146 786 tur,
173 733 242 775 cum
260 713 393 814 crepuit
387 715 496 773 ostium
502 712 688 816 impulsum,
705 713 863 793 stetitque
856 733 886 775 ιιι
901 714 1000 796 limine
1014 715 1112 776 barbis
1126 716 1198 776 hor-

80 799 222 862 rentibus
236 807 326 860 nauta
345 788 393 858 ιι
401 789 539 858 moraris’
559 797 652 876 inquit
668 789 841 895 Eumolpe,
860 807 996 878 tanquam
1018 800 1198 880 propudium

81 875 227 966 ignores.
258 885 335 945 haud
355 902 454 955 mora,
476 900 580 944 omnes
601 883 823 962 consurgimus,
848 893 877 947 et
895 885 1060 964 Eumolpus
1071 886 1197 983 ‘quidem

84 969 323 1032 mercennarium
337 988 423 1030 suum
436 969 492 1029 iam
506 969 575 1029 olim
588 969 736 1031 dormient
724 977 782 1030 tem
798 970 876 1031 exire
891 989 958 1032 cum
973 971 1094 1032 sarcinis
1109 971 1198 1031 iubet.

88 1077 139 1135 ego
156 1075 224 1117 cum
242 1055 348 1116 Gitone
362 1054 499 1136 quicquid
515 1061 590 1127 erat,
606 1054 636 1114 in
652 1055 724 1115 alter
739 1073 888 1134 compono
904 1063 933 1116 ιι
948 1055 1076 1117 adoratis
1093 1056 1198 1118 sideri-

91 1142 146 1202 bus
157 1142 237 1202 intro
254 1140 401 1219 navigium

628 1236 649 1275 ιι

168 1302 343 1374 ‘molestum
359 1312 498 1390 estquod
514 1330 588 1391 puer
599 1310 710 1390 hospiti
723 1310 823 1389 placet.
847 1311 916 1390 quid
928 1319 1023 1374 autem
1039 1330 1101 1374 non
1113 1331 1196 1374 com·
1207 1311 1267 1372 100

87 1415 176 1459 mune
188 1405 235 1458 est
247 1396 326 1476 quod
339 1403 441 1457 natura
455 1397 600 1476 optimum
613 1393 743 1468 feceritl
754 1397 799 1458 sol
812 1397 949 1459 omnibus
962 1398 1047 1459 lucet.
1068 1398 1136 1458 luna
1149 1399 1197 1459 in-

85 1482 320 1544 numerabilibus
333 1483 469 1544 comitata
482 1483 629 1544 sideribus
641 1483 727 1544 etiam
739 1481 815 1544 faras
827 1483 908 1544 ducit
918 1485 953 1544 ad
965 1483 1113 1563 pabulum.
1128 1483 1198 1562 quid

86 1570 170 1649 aquis
187 1568 245 1630 dici
260 1568 422 1630 formosius
438 1565 559 1647 potest?
589 1569 619 1629 in
634 1567 750 1666 publico
765 1575 862 1629 tamen
874 1577 1003 1630 manant.
1034 1570 1115 1631 solus
1127 1587 1197 1648 ergo

87 1673 170 1716 amor
190 1654 306 1716 furtum
326 1653 424 1750 potius
445 1672 532 1732 quam
553 1655 716 1733 praemium
736 1651 850 1715 erit?
842 1673 934 1715 immo
955 1673 1024 1716 vero
1044 1656 1114 1716 nolo
1141 1655 1198 1716 ha-

87 1741 156 1801 bere
171 1739 261 1836 bona,
276 1739 334 1800 nisi
349 1739 455 1818 quihus
472 1740 598 1818 populus
615 1739 756 1800 inviderit.
787 1756 878 1813 unus,
899 1749 928 1802 et
943 1759 1046 1813 senex,
1067 1759 1129 1802 non
1144 1741 1199 1802 erit

87 1825 200 1904 gravis,
220 1825 309 1885 etiam
329 1843 396 1885 eum
415 1825 540 1886 voluerit
528 1825 660 1904 taliquid
678 1843 808 1898 sumere,
830 1844 907 1905 opus
927 1827 1055 1888 anhelitu
1023 1817 1199 1906 tprodet.'

87 1913 158 1973 baec
172 1917 208 1971 ιιι
219 1910 295 1971 infra
308 1911 442 1971 fiduciam
454 1929 540 1990 posui
534 1911 740 2008 frauddvique
752 1911 883 1986 animum
895 1911 1098 1986 dissidentem,
1115 1911 1198 1992 coepi

89 2015 229 2058 somnum
246 1996 353 2057 obruto
369 1996 494 2057 tunicula
510 1997 587 2076 capit
588 2017 604 2057 ι
619 1996 744 2058 mentiri.

171 2083 226 2144 sed
247 2088 368 2161 repente
383 2101 466 2160 quasi
458 2082 649 2144 destruente
663 2083 781 2143 fortuna
797 2083 991 2144 constantiam
1007 2101 1104 2144 meam
1120 2082 1198 2143 eius-

87 2169 166 2230 modi
189 2186 248 2228 vox
270 2185 360 2245 supra
374 2175 555 2229 constratum
571 2168 680 2247 puppis
696 2169 878 2246 congemuit:
911 2187 981 2246 ergo
997 2188 1045 2229 me
1060 2158 1198 2229 derisiti'

89 2263 115 2314 ιι
128 2255 201 2314 haec
217 2252 335 2332 quidem
352 2252 440 2314 virilis
456 2261 485 2314 et
499 2272 590 2333 paene
605 2254 724 2315 auribus
739 2254 812 2315 meis
827 2253 976 2315 familiaris
992 2253 1121 2315 animum
1134 2252 1198 2332 pal-

89 2341 228 2418 pitantem
256 2339 412 2417 percussit.
450 2346 576 2400 ceterum
604 2339 704 2400 eadem
731 2337 931 2442 indignatione
952 2339 1057 2399 mulier
1075 2341 1197 2399 lacerata

91 2425 208 2486 ulterius
225 2423 381 2484 excanduit
396 2414 445 2484 et
449 2424 473 2484 si
490 2424 555 2502 quis
573 2425 644 2485 deus
661 2424 798 2486 manibus
811 2415 891 2486 meis’
903 2424 1000 2504 inquit
987 2415 1071 2485 tGit
1059 2431 1128 2484 tona
1140 2423 1197 2484 im-

97 2518 219 2588 poneret,
235 2527 324 2588 quam
339 2509 412 2569 bene
427 2509 540 2571 exulem
556 2501 737 2590 exciperem.³
762 2517 884 2590 uterque
894 2517 1030 2571 nostrum
1042 2517 1101 2570 tam
1113 2510 1197 2570 inex-

93 2603 201 2672 pectato
218 2597 260 2655 ιιι
260 2614 295 2655 ιιι
308 2613 383 2655 sono
396 2595 532 2656 amiserat
543 2597 724 2673 sanguinem.
748 2614 801 2674 ego
815 2597 971 2676 praecipue
982 2595 1066 2674 quasi
1079 2596 1197 2656 somnio

91 2681 249 2759 quodamt
236 2679 405 2741 turbulento
426 2681 618 2742 circumactus
641 2681 690 2742 diu
705 2700 806 2742 vocem
824 2682 924 2761 collegi
939 2681 1198 2784 tremebundisque

89 2767 224 2828 manibus
241 2764 401 2866 Eumolpi
394 2784 450 2826 ram
466 2767 497 2827 in
513 2785 653 2846 soporem
668 2766 790 2828 labentis
806 2767 939 2829 laciniam
959 2766 1027 2829 duxi
1043 2757 1092 2827 et‘
1095 2767 1197 2846 pe'rfi·

88 2845 185 2912 dem*
177 2869 299 2949 mquam
311 2843 1014 2955 pater,cu1usbaecnav1sestautquosvehat
1031 2852 1196 2931 dicerepo-

87 2929 165 2997 tes?
195 2936 374 3015 inquietatus
396 2936 441 2997 ille
461 2938 583 2998 moleste
604 2938 670 3000 tulit
657 2945 712 2999 ιιι
727 2930 800 2998 hoc
820 2945 882 2999 erat
883 2929 1010 3016 'inquit
1021 2930 1118 3034 ‘quod
1135 2937 1198 3016 pla

88 3022 268 3094 cuerattttibi,
291 3029 427 3101 utsupra
443 3029 626 3084 constratum
642 3023 722 3085 navis
739 3041 951 3102 occuparemus
967 3022 1198 3084 secretissimum

86 3107 199 3180 locum,
220 3125 258 3168 ne
278 3125 334 3167 nos
350 3127 386 3186 pa
388 3106 491 3168 teraris
506 3106 712 3186 requiescere?
742 3107 810 3187 quid
827 3127 917 3188 porro
930 3109 966 3169 ad
982 3127 1046 3169 rem
1062 3107 1197 3205 pertinet,

86 3194 110 3253 si
129 3195 234 3255 dixero
247 3192 372 3253 Licham
395 3193 586 3262 Tarentinum
606 3211 671 3254 esse
692 3193 845 3296 dominum
865 3195 988 3256 huiusce
1006 3193 1125 3271 navigii,
1147 3193 1197 3273 qui

86 3279 291 3376 Tryphaenam
313 3278 425 3340 exulem
444 3279 552 3340 Taren
540 3285 602 3340 um
621 3272 730 3341 ferat‘d
761 3269 898 3341 intremui
919 3287 989 3359 post
977 3280 1065 3340 tboc
1085 3280 1197 3342 fulmen
1209 3284 1266 3345 101

86 3365 241 3435 attonitus,
253 3364 410 3443 iuguloque
422 3365 534 3425 detecto
546 3355 743 3444 aliquando'‘
736 3382 854 3444 mquam
867 3355 972 3426 ‘totum
986 3383 1041 3439 me,
1057 3366 1196 3464 Fortuna,

85 3441 203 3510 vicisti‘.
234 3467 304 3508 nam
326 3449 415 3511 Giton
437 3449 554 3528 quidem
577 3469 665 3530 super
684 3457 785 3547 pectus
807 3467 904 3510 meum
924 3451 1043 3548 positus
1066 3452 1116 3512 diu
1134 3452 1197 3512 aui-

86 3554 164 3595 ιιιιιιι
187 3535 255 3612 egit.
286 3534 390 3596 deiude
413 3542 446 3595 ut
434 3535 574 3596 teffusus
596 3537 739 3597 sudort
706 3536 859 3638 utriusque
885 3536 1021 3640 spiritum
1045 3538 1197 3608 revocavit,

86 3619 299 3716 comprehendi
308 3620 442 3699 Eumolpi
455 3639 545 3698 genua
559 3629 588 3682 e
594 3611 754 3682 ‘miserere'
762 3620 881 3700 inquam
889 3614 1089 3683 morientium
1103 3629 1131 3680 et
1142 3640 1196 3699 pro

87 3704 241 3766 consortio
258 3706 423 3766 studiorum
439 3708 596 3768 commoda
612 3725 742 3767 ιιιιιιιιιιι.
774 3726 856 3768 mors
871 3706 958 3778 venit,
976 3725 1057 3785 quae,
1072 3705 1129 3765 nisi
1145 3725 1198 3802 per

87 3799 114 3850 te
127 3809 190 3854 non
207 3791 283 3862 licet,
299 3799 478 3870 potestesse
493 3810 547 3871 pro
563 3782 703 3853 munere?
732 3793 855 3853 inundat
843 3799 891 3852 tus
906 3792 961 3853 bac
973 3789 1158 3868 Eumolpus
1150 3808 1196 3851 rn-

88 3877 162 3936 vidia
178 3876 255 3936 iurat
269 3894 323 3954 per
337 3877 408 3936 deos
424 3877 551 3956 deasque
563 3895 700 3956 seneque
713 3877 788 3938 scire
800 3877 868 3955 quid
881 3875 1023 3946 acciderit,
1038 3876 1195 3937 necullum

89 3960 188 4022 dolum
208 3960 318 4022 malum
341 3961 462 4024 consilio
478 3963 658 4036 adhibuisse,
674 3963 724 4024 sed
740 3968 821 4023 ment
822 3981 837 4021 ι
854 3961 1072 4039 simpbcissima
1087 3969 1115 4022 et
1129 3981 1196 4024 vera
