2762 4344
149 247 187 310 10
616 248 772 302 Puruouu

146 421 227 464 mum
243 403 351 465 hahere
365 421 428 467 eam
444 404 516 466 iussi
532 412 560 465 et
576 406 611 466 de
626 414 750 485 utroque
765 423 831 466 esse
846 421 993 468 securam:
1008 423 1076 466 nam
1092 422 1187 485 neque
1202 426 1252 468 sa-

147 508 194 550 cra
209 509 388 571 quemquam
400 491 592 570 vulgaturum,
608 497 636 551 et
651 491 675 552 si
692 491 769 572 quod
786 497 932 570 praeterea
948 491 1023 551 aliud
1039 491 1200 553 remedium
1216 493 1255 552 ad

145 575 299 638 tertianam
314 575 441 638 deussilli
456 584 661 650 monstrasset,
678 576 864 638 adiuvaturos
880 595 936 637 nos
952 576 1077 637 divinam
1095 577 1256 656 providen-

145 661 215 721 tiam
238 663 281 724 vel
300 662 428 741 periculo
448 669 561 723 nost.ro
596 662 714 723 hilarior
734 669 805 741 post
792 662 899 723 thano
919 661 1045 758 pollicita
1030 662 1156 722 ationem
1176 663 1254 723 facta

145 746 249 807 mulier
269 747 392 808 basiavit
410 766 457 808 me
474 747 613 826 spissius
637 755 666 809 et
681 767 714 808 ex
729 747 877 808 lacrimis
870 765 899 808 ru
914 747 1006 808 risum
1029 755 1107 810 mota
1130 749 1255 809 descen-

145 831 215 892 den
203 839 247 892 es
273 833 309 893 ah
334 851 404 894 aure
430 833 550 912 capillos
570 851 654 894 meos
675 833 750 894 lenta
723 841 859 894 tmauu
879 833 960 894 duxit
989 839 1018 893 et
1033 825 1136 894 ‘'facio
1151 834 1257 913 inquit

141 907 287 978 ‘indutias
306 918 470 992 vobiscum,
494 926 522 978 et
542 938 557 978 a
578 919 735 979 constituta
754 918 804 979 lite
824 918 949 978 drmrto
983 919 1061 1015 quod
1083 938 1107 978 sr
1124 937 1185 980 non
1201 920 1255 979 ad

145 1003 285 1065 nuissetis
302 1005 337 1064 de
352 1005 416 1064 hac
421 1003 563 1065 medicina
579 1023 665 1083 quam
684 1011 766 1082 pet,o
783 1004 838 1065 iam
855 1011 937 1082 parat
938 1023 953 1064 a
969 1003 1074 1064 eratin
1090 1005 1256 1080 crastiuum

145 1087 238 1163 turba,
254 1109 326 1169 quae
340 1097 369 1150 ct
382 1089 518 1150 iniuriam
535 1109 630 1150 meam
645 1051 805 1152 vindicaret
820 1096 848 1149 et
863 1089 1046 1167 dignitatem:

310 1175 458 1237 contemni
472 1182 558 1254 turpe
573 1183 632 1247 est,
649 1175 742 1252 legem
759 1176 870 1236 donare
885 1174 1061 1254 superbum,

360 1261 418 1322 hoc
431 1280 514 1332 amo,
530 1261 609 1358 quod
625 1279 749 1340 possum
765 1280 821 1340 qua
837 1260 927 1321 libet
920 1280 962 1321 rre
977 1260 1030 1320 via.

308 1365 377 1408 uam
393 1365 464 1409 sane
479 1356 507 1408 et
522 1347 639 1425 sapiens
655 1354 792 1426 contemp
794 1354 843 1408 tus
858 1347 949 1426 iurgia
964 1347 1067 1420 nectit,

361 1439 389 1493 et
404 1433 453 1512 qui
468 1451 529 1494 non
547 1433 670 1512 iugulat,
686 1433 779 1494 victor
794 1432 874 1493 abire
890 1423 978 1493 solet

690 1528 710 1570 a

231 1598 392 1678 complosis
408 1598 512 1660 deinde
527 1597 734 1661 manibus't
677 1615 707 1657 m
721 1605 784 1659 tant
785 1617 834 1660 um
850 1607 954 1678 repent
955 1619 969 1659 e
984 1599 1076 1660 risum
1094 1599 1183 1659 eliusa
1200 1605 1255 1670 est,

146 1691 179 1746 ut
194 1684 375 1746 timeremus.
407 1685 485 1745 idem
505 1704 540 1746 ex
559 1685 646 1746 altera
662 1692 743 1762 parte
759 1691 788 1746 et
803 1685 903 1746 ancilla
918 1685 998 1758 fecit,
1019 1703 1091 1765 quae
1106 1684 1188 1764 prior
1203 1704 1253 1744 ve-

93 1773 131 1836 19
146 1777 237 1842 uerat,
253 1769 330 1830 idem
347 1770 531 1848 virguncula,
548 1789 620 1850 quae
634 1787 691 1830 uua
707 1769 872 1831 intraverat.
904 1770 1003 1832 omnia
1018 1770 1109 1832 nimio
1124 1769 1189 1830 risu
1204 1789 1254 1830 ex—

147 1863 316 1929 sonueraut,
333 1875 399 1917 cum
414 1856 530 1918 interim
547 1875 613 1930 nos,
630 1873 704 1935 quae
718 1862 776 1916 tam
787 1856 943 1934 ¹repentina
959 1865 1039 1917 esset
1052 1855 1174 1917 mutatio
1191 1855 1255 1916 ani-

146 1961 266 2004 morum
285 1941 375 2016 lacta,
396 1942 599 2020 ignoraremus
619 1961 652 2003 ac
672 1942 762 2002 modo
778 1942 992 2021 nosmetipsos
1014 1940 1103 2002 modo
1119 1941 1255 2002 mulieres
1352 1965 1355 1972 ·

147 2029 329 2090 intueremur
697 2107 716 2149 3

229 2159 311 2229 ‘ideo
332 2168 408 2228 vetui
423 2167 512 2228 hodie
532 2167 563 2228 in
582 2168 640 2227 hoc
655 2167 821 2228 deversorio
840 2184 1004 2246 quenquam
1022 2165 1189 2226 mortalium
1205 2167 1257 2226 ad·

110 2281 112 2286 ’
148 2253 238 2328 mitti,
257 2261 291 2315 ut
309 2253 470 2316 remedium
491 2253 630 2314 tertianae
651 2255 714 2316 sine
734 2252 789 2313 ulla
805 2251 1036 2330 interpellatione
1051 2269 1067 2311 a
1083 2251 1165 2312 vobis
1182 2249 1257 2311 acci-

146 2331 269 2420 parem.²
298 2346 331 2401 ut
351 2340 422 2399 haec
442 2339 513 2400 dixit
529 2338 680 2414 Quartilla,
701 2338 833 2416 Ascyltos
856 2337 972 2416 quidem
989 2335 1138 2416 paulisper
1154 2337 1258 2398 obstu-

146 2427 224 2506 puit,
241 2443 294 2504 ego
311 2432 407 2486 autem
422 2423 553 2502 frigidior
567 2424 663 2485 hieme
679 2423 783 2485 Gallica
798 2423 891 2484 factus
907 2422 1020 2482 nullum
1036 2422 1119 2501 potui
1136 2421 1257 2484 verbum

147 2511 287 2572 emittere.
319 2511 370 2570 sed
386 2528 423 2570 ne
439 2509 506 2589 quid
527 2509 640 2570 tristius
653 2515 844 2588 expectarem,
862 2507 1017 2568 comitatus
1032 2507 1165 2570 faciebat.
1198 2515 1257 2569 tres

148 2597 226 2658 enim
243 2603 325 2656 erant
339 2595 531 2668 mulierculae,
544 2597 569 2658 si
582 2595 650 2673 quid
663 2595 766 2656 vellent
778 2593 886 2665 conari,
902 2591 1132 2665 infirmissimae,
1149 2593 1259 2655 scilicet

149 2689 251 2742 contra
271 2698 342 2753 nus,
365 2685 421 2760 qui,
434 2679 458 2740 si
480 2680 551 2740 nihil
571 2680 644 2743 aliud
672 2679 763 2741 virilis
784 2697 870 2740 sexus
896 2685 986 2752 esset,
1014 2681 1071 2756 [et]
1100 2679 1258 2757 praecincti

149 2773 228 2828 certe
248 2765 332 2827 altius
352 2785 479 2827 eramus.
514 2767 605 2828 immo
624 2785 677 2846 ego
695 2765 738 2827 sic
756 2765 813 2825 iam
832 2763 911 2842 paria
928 2782 1164 2844 composueram,
1184 2772 1218 2826 ut
1235 2765 1258 2824 si

147 2852 373 2932 depugnandum
389 2851 479 2925 foret,
500 2851 565 2930 ipse
585 2872 650 2914 cum
666 2850 804 2926 Quartilla
821 2849 1027 2925 consisterem,
1044 2850 1175 2930 Ascyltos
1193 2867 1258 2912 cum

148 2937 258 3012 ancilla,
275 2937 362 2998 Giton
379 2956 445 2998 cum
461 2937 571 3016 virgine
698 3021 717 3063 ,Β

233 3113 304 3166 tunc
318 3123 385 3166 xero
402 3103 506 3165 excidit
522 3104 618 3165 omnis
635 3102 799 3165 constantia
811 3100 951 3175 attonitis
967 3107 994 3161 et
1006 3119 1087 3161 mors
1100 3119 1160 3162 uon
1172 3100 1260 3161 dubia

150 3192 329 3253 miserorum
347 3189 447 3251 oculos
465 3189 560 3270 coepit
576 3190 720 3251 obducere

698 3297 717 3339 a

119 3389 133 3448 J
236 3363 330 3470 rogo'
345 3373 463 3453 iuquam
476 3364 617 3446 ‘domina
634 3395 659 3436 si
652 3373 773 3454 quidt
774 3371 814 3432 ris
816 3371 873 3432 tius
887 3390 982 3451 paras,
999 3370 1120 3432 celerius
1134 3372 1261 3446 confice3

150 3459 345 3562 nequeenim
366 3467 424 3520 tam
447 3479 584 3540 magnum
607 3461 720 3522 facinus
743 3456 932 3532 admisimus,
957 3465 990 3518 ut
979 3457 1202 3520 tdteheamus
1189 3465 1262 3520 ttror

149 3536 275 3628 perire'¹

236 3701 336 3764 ancilla
353 3701 548 3782 quaePsyche
563 3627 727 3774 vocabatuss,
742 3699 896 3760 lodiculam
913 3698 942 3758 in
957 3697 1124 3778 pavimento
1137 3698 1260 3778 diligen-

148 3796 194 3852 ter
209 3787 337 3850 extendit
700 3851 720 3894 ss

235 3926 403 3990 sollicitavit
416 3926 536 4006 inguina
550 3944 616 3988 mea
632 3923 710 3986 mille
725 3924 784 3986 iam
799 3922 944 3986 mortibus
961 3921 1062 4000 lrigida
