2728 4344
641 219 790 275 annulus

366 395 536 440 crescensva
551 395 667 457 semper
681 378 712 439 in
728 395 814 439 sunm
831 383 918 456 caput
933 394 1065 456 porrum.

366 482 421 526 nec
436 463 598 524 seminosas
615 463 649 526 ad
667 463 831 525 cucurbitas
847 480 1014 542 quenquam

364 549 400 611 ad
417 549 581 610 ocimumve
596 567 824 629 cucumerosque
839 547 921 608 humi
936 547 1020 608 fusos

365 635 463 696 venire
478 632 564 694 credo
581 635 733 696 sessilesve
748 634 887 708 lactucas,

367 739 420 781 nec
435 727 468 780 ut
482 718 590 780 salaces
606 728 691 780 nocte
706 720 786 780 tollat
802 737 902 779 erucas

366 812 554 882 meritamque
569 806 694 866 olentem
711 823 777 865 cum
796 802 961 864 salubribus
976 803 1049 864 rutis

366 909 506 969 acresque
521 907 624 970 caepas
639 890 784 968 aliumque
799 889 945 949 iibratum.

366 995 439 1056 quae
455 983 556 1036 cuncta
573 975 703 1056 quamvis
719 981 822 1035 nostro
839 973 981 1034 habemus
996 972 1025 1034 in
1042 980 1162 1052 saepto,

366 1079 427 1123 non
438 1058 575 1140 pauciora
591 1060 717 1142 proximi
732 1059 831 1121 ferunt
844 1058 931 1120 barti.

368 1145 473 1226 quibus
488 1144 595 1208 relictis
611 1146 641 1206 in
656 1145 729 1206 mibi
743 1145 905 1205 laboratum

368 1231 465 1292 locum
482 1229 598 1304 venitis,
611 1229 823 1311 improbissimi
837 1230 932 1292 furas:

367 1315 506 1376 nimirum
523 1325 652 1396 apertam
669 1314 829 1376 consolatis
846 1313 880 1374 ad
897 1330 1036 1393 poenam,

369 1400 427 1461 boc
440 1417 495 1460 vos
510 1409 538 1462 aa
553 1401 665 1482 ipsum,
682 1400 760 1480 quod
777 1398 937 1473 minamur,
952 1398 1061 1462 invitat.

699 1617 747 1680 1211

368 1720 447 1782 Heus
462 1728 509 1792 tu,
525 1735 585 1780 non
601 1718 675 1779 bene
690 1719 740 1798 qui
755 1737 874 1780 manum
890 1737 1024 1799 rapacem

333 1859 335 1864 Α
368 1804 506 1866 mandato
522 1803 593 1865 mihi
609 1805 742 1864 contines
758 1803 912 1878 obberto,

368 1890 425 1952 iam
441 1889 569 1970 primum
586 1895 679 1949 stator
694 1887 741 1949 hio
756 1888 931 1950 libidinosus

349 1975 487 2039 .altcrnis
504 1975 630 2035 ineundo
647 1981 676 2034 et
690 1973 823 2035 exeundo

369 2068 455 2141 porta
469 2067 498 2121 te
512 2059 599 2121 faciet
613 2059 815 2138 patentiorem.
909 2115 912 2119 .

367 2147 506 2208 accedent
521 2146 596 2218 duo,
613 2143 745 2223 quilatus
761 2152 888 2217 tuentur,

367 2231 468 2312 pulcre
484 2230 643 2310 pensilibus
659 2229 810 2308 peculiati3

368 2317 498 2396 quicum
514 2323 543 2375 te
559 2315 631 2375 male
642 2314 771 2396 foderint
785 2315 939 2389 iacentem,

369 2401 405 2462 ad
424 2408 536 2481 partem
552 2400 647 2461 veniet
661 2400 740 2460 salax
756 2398 876 2473 asellus,

369 2485 429 2548 nilo
445 2485 571 2547 deterius
587 2485 776 2546 mutuniatus.

373 2589 461 2652 quare
477 2570 526 2650 qui
543 2569 654 2649 sapiat,
670 2570 779 2631 malum
796 2568 917 2641 cavebit,

371 2675 436 2718 cum
453 2663 566 2716 tantum
582 2655 654 2716 sciet
669 2674 734 2716 esse
749 2654 954 2717 mentularnm.

694 2859 757 2922 Liil

370 2969 532 3032 Contentus
547 2968 664 3030 modico
680 2969 812 3030 Bacchus
827 2969 903 3030 solet
917 2988 982 3032 esse
997 2988 1130 3042 racemo,

415 3074 480 3117 cum
495 3054 610 3135 capiant
625 3053 673 3115 alti
688 3053 734 3114 rix
751 3053 804 3115 cita
821 3060 917 3114 musta
933 3055 1027 3129 lacus,

372 3159 534 3220 magnaque
549 3138 679 3206 secundis
696 3157 761 3200 cum
777 3137 922 3200 messibus
937 3159 1003 3202 area
1018 3138 1106 3214 desit,

414 3225 443 3285 in
460 3225 573 3286 Cereris
590 3223 685 3285 crines
700 3242 758 3286 una
776 3242 887 3286 corona
902 3225 995 3290 datur.

373 3318 404 3371 du
421 3328 550 3390 quoque,
566 3309 628 3371 dive
643 3309 757 3385 minor,
774 3309 916 3370 maiorum
934 3311 1064 3392 exempla
1080 3318 1219 3389 secutus,

415 3395 545 3475 quamvis
562 3413 653 3474 pauca
669 3395 788 3469 damus,
806 3395 925 3456 consule
941 3416 1029 3476 poma
1044 3395 1125 3457 boni.

686 3600 761 3663 [ΗΠ

373 3702 418 3765 Cb
435 3703 460 3764 si
475 3702 587 3764 scribas
602 3710 810 3783 temonemque
825 3703 948 3782 insuper
962 3703 1066 3779 addas,

414 3787 463 3870 qui
478 3788 608 3850 medium
624 3795 651 3850 ic
666 3789 725 3850 vult
739 3789 885 3862 scindere,
896 3788 992 3872 pictus
1008 3788 1071 3852 erit.
