2762 4344
576 286 719 359 sh'l'lllhll
1157 301 1196 366 21

88 437 200 500 debant
216 458 231 500 e
252 437 406 514 dentibus,
425 441 631 522 thebaicasque
650 451 679 505 et
698 453 828 526 caryotas
847 447 883 510 ad
902 467 1058 514 numerum
1075 452 1198 517 divisere

90 524 272 586 cenantibus.
304 525 422 602 interim
437 545 501 606 ego,
517 527 568 607 qui
581 529 725 608 privatum
740 531 883 594 habebam
899 553 1059 611 secessum,
1075 539 1106 599 in
1120 541 1197 602 mul·
1213 544 1251 604 41

87 617 135 672 tas
150 610 343 690 cogitationes
360 611 503 674 deductus
519 631 595 689 sum,
612 633 701 694 quare
716 635 786 696 aper
795 617 930 697 pilleatus
942 620 1090 686 intrasset
1112 633 1197 704 post-

89 715 177 776 quam
197 696 296 776 itaque
316 697 414 758 omnis
429 697 592 760 bacalusias
607 703 794 782 consumpsi,
810 703 910 767 duravi
925 705 1104 787 interrogare
1118 707 1197 772 illum

85 783 280 861 interpretem
301 801 400 844 meum
422 783 500 863 quod
520 803 568 845 me
587 792 745 866 torqueret.
781 796 811 849 at
829 789 888 852 ifle:
911 781 1014 871 ‘plane
1035 794 1122 856 etiam
1140 795 1199 856 hoc

85 886 191 929 servus
207 875 280 929 tuus
295 863 424 930 indicare
437 876 551 949 potest,
569 872 723 934 nonenim
739 873 869 954 aenigma
884 883 943 950 est,
959 877 1012 939 sed
1026 896 1074 940 res
1089 887 1197 960 aperta.

82 953 134 1014 bic
149 971 229 1032 aper,
247 959 315 1015 cuin
326 953 389 1014 heri
401 973 517 1016 summa
528 973 600 1017 cena
611 975 678 1019 eum
689 957 873 1035 vindicasset,
888 979 903 1022 a
916 962 1044 1024 convivis
1056 963 1198 1027 dimissus

87 1039 254 1118 est;itaque
265 1039 353 1100 hodie
364 1046 514 1120 tamquam
524 1040 645 1104 hbertus
657 1043 687 1106 iu
696 1044 861 1107 convivium
870 1039 1040 1109 revertitur.³
1064 1049 1198 1112 damnari

90 1142 144 1201 ego
165 1132 319 1204 stuporem
339 1143 440 1186 meum
459 1132 488 1188 et
502 1127 574 1188 nihil
588 1128 713 1207 amplius
728 1129 919 1211 interrogari,
940 1150 978 1194 ne
992 1133 1105 1196 viderer
1119 1153 1198 1198 nun-

89 1228 176 1290 quam
190 1211 271 1271 inter
283 1210 428 1272 honestos
444 1229 572 1274 cenasse.

172 1295 244 1357 dum
266 1295 338 1358 haec
356 1294 519 1376 loquimur,
540 1317 613 1377 puer
632 1298 786 1378 speciosus
806 1300 913 1364 ritibus
931 1301 1104 1383 hederisque
1117 1305 1197 1366 redi-

86 1381 190 1454 mitus,
212 1382 305 1443 modo
327 1381 494 1454 Bromium,
515 1383 663 1445 interdum
683 1384 810 1465 Lyaeum
827 1386 1014 1468 Euhiumque
1033 1389 1196 1462 confessus,

88 1466 245 1528 calathisco
266 1484 337 1528 uras
361 1467 539 1530 circumtulit
557 1477 586 1530 et
605 1477 739 1548 poemata
755 1470 865 1533 domini
882 1473 928 1534 sui
943 1473 1111 1536 acutissima
1126 1494 1198 1538 voce

88 1551 223 1614 traduxit.
260 1552 296 1613 ad
318 1571 404 1632 quem
425 1571 533 1616 sonum
555 1572 715 1617 conversus
737 1555 915 1619 Trimalchio
931 1548 1086 1640 ‘Dionyse'
1104 1560 1199 1640 inquit

84 1631 173 1698 ‘liber
187 1627 274 1698 esto'.
298 1655 372 1718 puer
386 1638 510 1700 detraxit
520 1639 638 1719 pilleum
651 1660 724 1721 apro
737 1641 882 1746 capitique
893 1661 948 1706 suo
959 1643 1111 1725 imposuit.
1133 1652 1197 1709 tum

87 1722 267 1785 Trimalchio
287 1741 393 1785 rursus
408 1723 526 1786 adiecit:
538 1715 615 1787 tnon
630 1726 775 1804 negabitis
790 1746 838 1789 me
865 1728 961 1809 inquit
971 1720 1095 1793 ‘hahere
1108 1731 1197 1794 Libe-

82 1827 150 1872 rum
174 1799 311 1888 patrem'.
340 1809 522 1872 laudavimus
543 1810 653 1873 dictum
667 1812 891 1875 Trimalchionis
915 1821 944 1876 et
966 1815 1195 1880 circumeuntem

81 1913 210 1976 puerum
224 1912 298 1955 sanc
311 1894 525 1974 perbasiamus.

168 1979 206 2042 ab
221 1980 281 2041 hoc
295 1979 405 2042 ferculo
416 1980 592 2043 Trimalchio
607 1982 643 2043 ad
658 1982 792 2045 lasanum
808 1984 941 2046 surrexit.
964 2002 1022 2047 nos
1035 1985 1197 2049 libertatem

86 2067 148 2127 sine
166 2071 297 2146 tyranno
317 2065 395 2127 nacti
415 2067 567 2146 coepimus
587 2067 708 2128 inritare
731 2067 919 2130 convivamm
935 2089 1098 2132 sermones.
1138 2072 1196 2133 lla-

88 2171 133 2212 ma
153 2151 252 2230 itaque
270 2151 385 2230 primus
406 2170 474 2213 curn
496 2153 661 2232 pataracina
675 2154 878 2232 poposcisset,
893 2145 985 2215 ‘dies'
1002 2147 1196 2236 inquit‘nihil

90 2245 141 2298 est.
168 2237 238 2298 dnm
261 2255 364 2298 versas
378 2245 422 2308 te,
442 2255 501 2298 nox
517 2237 557 2298 fit.
586 2238 683 2317 itaque
697 2237 769 2299 nihil
784 2246 828 2298 est
842 2238 946 2300 melius
962 2258 1048 2321 quam
1064 2242 1100 2302 de
1112 2241 1197 2303 cubi·

89 2322 153 2384 culo
172 2329 255 2384 recta
276 2321 307 2382 in
325 2322 485 2385 triclinium
504 2321 555 2383 ire.
586 2325 773 2384 otmundum
787 2323 878 2402 frigus
893 2324 1058 2387 habuimus.
1087 2327 1135 2387 rix
1150 2346 1198 2387 me

85 2408 208 2470 balneus
231 2407 352 2469 calfecit.
377 2415 476 2469 tamen
495 2408 576 2469 calda
591 2409 673 2489 potio
689 2408 841 2470 vestiarius
856 2416 910 2471 est.
940 2411 1112 2473 staminatas
1128 2412 1197 2474 duxi

87 2502 115 2555 et
127 2495 218 2574 plane
234 2499 333 2554 matus
349 2512 426 2554 snm.
456 2493 542 2555 rinus
557 2493 629 2554 mihi
644 2493 674 2555 in
691 2494 843 2556 cerebrum
858 2487 946 2556 abiit?

171 2577 291 2658 excepit
306 2579 445 2641 Seleucus
464 2577 578 2640 fabulae
597 2587 710 2659 partem
732 2588 762 2641 et
778 2570 863 2663 ‘ego'
882 2580 978 2660 inquit
994 2570 1072 2642 ‘non
1092 2582 1197 2644 cotidie
1213 2577 1252 2636 42

85 2667 182 2738 lar0r3
204 2664 332 2726 habacus
352 2665 431 2725 enim
448 2663 520 2725 lullo
535 2672 589 2726 est
619 2683 694 2745 aqua
709 2666 811 2728 dentes
826 2666 926 2739 habet,
945 2673 974 2728 et
994 2685 1046 2728 cor
1060 2675 1196 2730 nostrum

88 2750 196 2813 cotidie
213 2749 357 2830 liquescit.
385 2751 437 2812 sed
458 2768 525 2811 cum
545 2750 632 2812 mulsi
647 2751 803 2830 pultarium
820 2751 938 2826 obduxi,
952 2751 1056 2831 frigori
1070 2744 1197 2815 laecasin

90 2837 164 2898 dico.
197 2855 253 2897 nec
267 2853 338 2896 sane
353 2835 448 2896 lavare
462 2835 558 2915 potni;
573 2835 615 2896 fui
631 2837 709 2898 enim
721 2837 808 2898 hodie
820 2837 849 2898 in
861 2837 960 2900 funus.
990 2838 1081 2899 homo
1093 2838 1196 2910 bellus,

92 2928 149 2982 tam
161 2921 262 2983 bonus
279 2919 479 3000 Chrysanthus
494 2921 620 2982 animam
636 2920 755 2983 ebulliit
784 2922 885 2996 modo,
899 2922 990 2984 modo
1006 2941 1053 2983 me
1068 2923 1195 3002 appella·

92 3005 138 3068 rit.
168 3007 270 3071 videor
290 3005 362 3067 mihi
382 3025 449 3067 curn
470 3005 518 3066 illo
539 3005 631 3086 loqui.
661 3007 732 3079 heu,
749 3007 831 3067 eheu.
861 3015 944 3068 utres
960 3007 1050 3068 inflati
1065 3006 1196 3068 ambula·

88 3111 163 3154 mus.
194 3091 320 3154 minoris
340 3110 429 3171 quam
443 3109 565 3153 muscae
580 3110 694 3153 sumus.
722 3110 838 3152 muscae
851 3098 950 3153 tamen
965 3090 1088 3170 aliquam
1106 3092 1197 3154 virtu-

87 3187 147 3240 tem
167 3179 286 3240 hahent
317 3195 375 3239 nos
396 3194 457 3238 non
477 3177 570 3257 pluris
590 3196 694 3238 sumus
715 3195 802 3256 quam
822 3176 926 3238 bullae.
956 3176 1071 3255 etquid
1091 3177 1117 3238 si
1135 3196 1197 3239 non

85 3265 222 3326 abstinax
236 3263 350 3325 inisset
380 3263 509 3343 quinque
525 3262 588 3324 dies
603 3281 707 3343 aquam
720 3262 750 3324 in
763 3281 797 3323 os
810 3281 898 3324 suurn
910 3280 973 3323 non
985 3262 1119 3336 coniecit,
1135 3282 1198 3326 non

85 3350 194 3412 micam
219 3347 315 3428 panis.
349 3355 448 3409 tamen
474 3347 546 3409 abiit
568 3347 603 3408 ad
624 3348 732 3427 plures.
769 3347 877 3408 medici
897 3347 977 3410 illum
998 3349 1197 3428 perdiderunt,

85 3436 180 3497 immo
196 3434 290 3512 magis
305 3434 399 3495 malus
414 3435 505 3506 fatns3
525 3433 657 3499 medicus
672 3432 750 3494 enim
765 3431 837 3494 nihil
852 3432 928 3494 aliud
945 3442 991 3495 est
1005 3453 1092 3514 quam
1108 3435 1197 3498 animi

86 3521 265 3583 consolatio.
287 3526 385 3581 tamen
397 3520 472 3581 bene
484 3518 576 3580 elatus
589 3526 643 3590 cst,
659 3517 735 3578 vitali
745 3518 830 3592 lecto,
845 3520 980 3600 stragulis
992 3519 1089 3582 bonis.
1112 3520 1196 3600 plan-

86 3615 152 3668 ctus
174 3613 222 3668 est
242 3605 353 3684 optime
372 3640 413 3648 —
432 3603 603 3666 manumisit
622 3602 733 3684 aliquot
751 3639 794 3648 -—
814 3603 899 3666 etiam
923 3605 950 3666 si
968 3605 1094 3686 maligne
1115 3605 1196 3666 illum
1226 3659 1229 3666 r

86 3692 214 3772 ploravit
228 3709 311 3752 uxor.
337 3689 406 3770 quid
422 3690 447 3751 si
462 3708 524 3752 non
539 3689 616 3750 illam
631 3689 741 3769 optime
753 3690 922 3770 accepisset
945 3690 997 3752 sed
1009 3691 1113 3753 mulier
1123 3709 1197 3769 quae

86 3778 194 3838 mnber
208 3775 360 3837 milvinum
376 3794 477 3856 genus.
507 3774 653 3837 neminem
669 3775 742 3838 nihil
756 3774 828 3837 boni
842 3776 940 3838 iacere
955 3783 1085 3856 oportet3
1106 3794 1197 3855 aeque

87 3871 132 3924 est
152 3861 233 3924 enim
252 3880 287 3922 ac
305 3862 329 3923 si
345 3861 376 3922 in
390 3869 511 3940 puteum
529 3859 665 3922 conicias.
696 3863 748 3923 sed
763 3861 901 3942 antiquus
917 3879 1001 3922 amor
1015 3879 1119 3922 cancer
1133 3853 1197 3924 est’

174 3946 317 4009 molestus
341 3946 410 4021 ruit,
434 3945 625 4026 Philerosque
645 3946 849 4027 proclamavit:
879 3938 1027 4008 ‘rivorum
1053 3947 1196 4008 memine·
1212 3943 1251 4004 43
