2762 4344
605 238 748 293 sarlnllu

264 449 335 512 nolo
352 452 432 530 quod
448 452 549 531 cupio,
565 449 664 511 statim
679 457 793 524 tenere,

264 553 319 597 nec
333 536 453 598 victoria
468 537 508 599 mi
523 535 619 617 placet
632 543 732 616 parata
816 564 818 572 ·

666 677 688 722 ᾗ

204 755 257 838 sed
279 762 312 815 ut
333 755 462 836 primum
482 755 623 817 beneficio
640 756 754 818 Gitonis
775 764 947 836 praeparata
966 773 1022 818 nos
1044 756 1230 838 implevimus
1248 749 1286 811 16

116 859 200 915 oona,
218 841 328 902 ostium
344 860 406 903 non
422 842 491 904 satis
506 842 606 904 audaci
622 842 746 922 strepitu
762 842 923 923 impulsum
938 843 1075 904 exsonuit

205 1013 271 1056 cum
294 1002 323 1055 et
341 995 398 1074 ipsi
420 1014 489 1074 ergo
509 996 606 1077 pallidi
622 1015 809 1076 rogaremus,
829 997 895 1077 quis
911 1004 1000 1070 esset,
1012 987 1121 1076 aperi³
1135 996 1231 1076 inquit

115 1073 193 1142 ‘iam
214 1070 312 1141 scies³.
359 1082 486 1162 dumque
506 1083 667 1162 loquimur,
694 1102 758 1144 sera
780 1102 832 1144 sua
854 1091 961 1163 sponte
987 1045 1104 1161 delapsa
1129 1082 1232 1144 cecidit

118 1167 307 1245 reclusaeque
328 1166 425 1228 subito
445 1169 523 1229 fores
544 1169 725 1230 admiserunt
739 1169 907 1230 intrantem.
937 1168 1042 1230 mulier
1056 1175 1153 1228 autem
1169 1174 1230 1229 erat

113 1259 223 1356 operto
246 1251 353 1354 capite,
311 1253 418 1312 tilla
435 1254 545 1315 scilicet
533 1261 636 1333 tquae
651 1254 738 1333 paulo
754 1261 803 1314 ant
804 1274 819 1315 e
835 1273 901 1316 oum
917 1255 1028 1315 rustico
1044 1259 1177 1326 steterat,
1202 1261 1231 1314 et

113 1331 174 1398 ‘me
190 1329 337 1398 derisisse³
352 1330 466 1416 inquit‘
469 1357 522 1400 vos
537 1340 657 1418 putabat
645 1337 706 1400 tis?
729 1357 782 1418 ego
798 1359 864 1402 sum
881 1339 982 1401 ancilla
997 1337 1161 1413 Quartillae,
1177 1356 1229 1398 cu-

120 1424 167 1484 ius
187 1441 240 1484 vos
262 1441 345 1484 sacra
366 1431 432 1485 ante
452 1432 582 1504 cryptam
598 1424 746 1486 turbastis.
777 1444 843 1486 ecce
859 1425 922 1504 ipsa
937 1426 1016 1487 venit
1031 1424 1096 1484 ads
1098 1422 1230 1485 tabulam

121 1509 249 1608 petitque
269 1514 302 1569 ut
323 1509 476 1570 vobiscum
499 1511 579 1607 loqui
599 1511 691 1573 liceat.
726 1510 815 1572 nolite
834 1517 900 1590 pert
888 1510 1006 1572 turbari.
1036 1529 1091 1572 nec
1112 1515 1231 1570 accusat

121 1595 249 1655 errorem
271 1602 401 1656 vestrum
421 1613 476 1656 neo
490 1596 587 1676 punit,
603 1597 695 1657 immo
711 1596 810 1676 potius
825 1596 960 1668 miratur,
978 1595 1044 1676 quis
1060 1594 1155 1658 deus'
1148 1613 1230 1656 ruve-

117 1697 171 1740 nes
187 1687 248 1740 tam
263 1680 416 1742 urbanos
408 1699 438 1741 rn
454 1700 537 1743 suam
553 1682 701 1762 regionem
715 1672 866 1743 detulerit.³
888 1690 985 1744 tacent
986 1683 1117 1744 ibust
1068 1689 1117 1742 aut
1118 1699 1164 1742 em
1176 1681 1229 1741 ad·
1247 1680 1285 1742 17

116 1767 176 1826 lrno
190 1765 280 1826 nobis
297 1767 375 1828 etad
391 1773 524 1829 neutram
540 1777 652 1847 partem
668 1769 902 1830 adsentationem
917 1768 1098 1830 flectentibus
1114 1766 1232 1828 intravit

115 1851 190 1932 ipsa,
205 1869 262 1913 una
279 1853 415 1914 comitata
431 1852 550 1932 virgine,
564 1855 729 1934 sedensque
745 1862 946 1934 superiorum
963 1873 1062 1916 meum
1079 1852 1129 1914 diu
1142 1851 1229 1912 flevit.

116 1957 151 1998 ac
170 1955 210 1998 ne
231 1944 303 1998 tuno
322 1939 439 2018 quidem
459 1957 515 2000 nos
535 1941 627 2001 ullum
647 1939 805 2002 adiecimus
826 1939 961 2013 verbum,
982 1940 1033 2000 sed
1050 1937 1164 2000 attoniti
1179 1957 1230 1997 ex-

117 2023 300 2102 pectavimus
315 2025 448 2085 lacrimas
464 2025 500 2086 ad
516 2026 742 2087 ostentationem
757 2025 869 2087 doloris
884 2033 1008 2105 paratas.
1039 2030 1072 2086 ut
1086 2042 1155 2102 ergo
1170 2029 1230 2082 tam

121 2108 293 2170 ambitiosus
314 2109 446 2171 detonuit
460 2110 566 2184 imber,
586 2111 691 2171 retexit
706 2111 866 2256 superbpm
883 2110 968 2189 pallio
984 2116 1115 2210 caputet
1135 2106 1230 2168 mani-

122 2194 177 2255 bns
198 2194 274 2256 inter
294 2215 326 2256 se
344 2214 439 2275 usque
459 2196 495 2257 ad
517 2196 750 2258 articulorumst
722 2195 827 2275 strepit
828 2215 877 2256 um
893 2213 965 2256 cons
968 2184 1080 2256 trictis‘
1087 2211 1231 2272 quaenam

120 2271 179 2341 est³
194 2280 290 2360 inquit
300 2273 388 2343 ‘hace
402 2282 533 2356 audacia,
553 2289 602 2342 aut
590 2281 665 2342 tubi
680 2280 838 2342 fabulast
810 2300 825 2340 e
826 2281 896 2342 tiam
912 2287 1096 2342 antecessura
1111 2278 1231 2340 latroci-

117 2367 164 2428 nia
186 2365 353 2428 didicistis?
375 2367 520 2428 misereor
539 2367 652 2428 medius
673 2366 759 2428 fidius
778 2375 841 2428 vest
842 2367 879 2427 ri·
873 2383 995 2446 ,neque
1015 2365 1092 2426 onim
1109 2364 1231 2444 impune

117 2452 276 2531 quisquam
297 2453 375 2532 quod
391 2471 452 2514 non
467 2452 547 2514 licuit
548 2500 554 2523 ,
534 2452 705 2532 tadspexit
707 2499 713 2514 .
743 2452 844 2532 utique
858 2460 959 2514 nostra
975 2451 1054 2532 regio
1070 2458 1129 2513 tam
1146 2469 1231 2530 prae·

117 2537 254 2599 sentibus
270 2539 355 2617 plena
371 2546 416 2600 est
430 2539 613 2612 numinibus,
634 2547 667 2600 ut
680 2539 792 2600 facilius
808 2538 907 2618 possis
924 2540 1011 2601 deum
1029 2556 1116 2618 quam
1132 2535 1230 2597 bomi-

117 2629 187 2685 nem
207 2623 346 2686 invenire.
377 2641 410 2685 ac
430 2637 467 2685 n‘e
486 2643 534 2684 me
553 2624 661 2704 putetis
681 2624 802 2686 ultionis
818 2644 905 2686 causa
920 2625 979 2687 buo
993 2625 1123 2698 venisse,
1140 2628 1231 2684 aetate

117 2708 213 2788 magis
241 2717 337 2771 vestra
357 2728 548 2771 commoveor
573 2729 661 2790 quam
682 2710 787 2772 iniuria
807 2730 880 2771 mea.
916 2710 1121 2790 imprudentes
1143 2707 1231 2782 enim,

118 2801 152 2856 ut
166 2795 262 2856 adbuc
277 2803 359 2874 puto,
375 2796 536 2857 admisistis
552 2796 723 2876 inexpiabile
738 2797 842 2858 scelus.
871 2796 935 2876 ipsa
951 2796 1067 2876 quidem
1084 2795 1130 2856 illa
1145 2800 1231 2854 nocte

122 2889 218 2943 vexata
237 2889 297 2942 tam
314 2882 479 2960 periculoso
495 2881 630 2943 inhorrui
644 2882 767 2960 frigore,
786 2891 818 2944 ut
831 2884 970 2943 tertianae
986 2882 1073 2942 etiam
1087 2881 1231 2958 impetum

122 2964 248 3028 timeam.
279 2975 310 3028 et
323 2966 388 3028 ideo
404 2967 580 3028 medicinam
596 2985 703 3028 somno
719 2967 789 3047 petii
805 2968 943 3046 iussaque
960 2986 1027 3028 sum
1042 2985 1094 3027 vos
1110 2962 1231 3044 perqui-

118 3071 181 3114 rere
201 3060 291 3132 atque
312 3052 453 3132 impetum
473 3051 569 3114 morbi
585 3060 747 3114 monstrata
763 3053 920 3114 subtilitate
935 3050 1034 3112 lenire.
1065 3051 1117 3111 sed
1133 3048 1168 3110 de
1182 3068 1231 3110 re-

117 3137 217 3200 medio
240 3156 301 3200 non
316 3147 376 3200 tam
391 3139 472 3200 valde
486 3138 602 3212 laboro;
622 3138 716 3200 maior
732 3138 809 3200 eninr
825 3139 854 3200 in
870 3136 1050 3217 praecordiis
1065 3135 1151 3196 dolor
1165 3153 1230 3196 sae·

117 3224 165 3296 vit,
183 3225 234 3304 qui
249 3243 405 3305 meusque
421 3226 456 3285 ad
472 3225 672 3286 necessitatem
689 3225 795 3286 mortis
807 3224 932 3297 deducit,
946 3241 984 3283 ne
996 3222 1105 3284 scilicet
1115 3221 1231 3283 iuvenili

117 3310 241 3390 impulsi
262 3305 375 3372 lieentia
391 3311 470 3388 quod
486 3309 516 3371 in
531 3311 636 3371 sacello
652 3311 750 3388 Priapi
764 3309 891 3384 vidistis,
913 3308 1033 3389 vulgetis
1050 3309 1231 3387 deorumque

118 3396 241 3458 consilia
256 3396 413 3543 proferatis
430 3396 460 3456 in
476 3396 629 3476 populum.
654 3396 798 3475 protendo
815 3395 902 3474 igitur
917 3395 951 3456 ad
964 3413 1059 3494 genua
1069 3402 1166 3456 vestra
1178 3411 1229 3454 su-

117 3482 204 3562 pinas
221 3501 327 3544 manus
342 3488 471 3563 petoque
486 3488 514 3542 et
530 3500 594 3554 oro,
609 3500 647 3542 ne
662 3488 823 3543 nocturnas
839 3481 1016 3561 religiones'
1008 3501 1108 3543 mcum
1119 3479 1229 3542 risum·
1274 3543 1277 3550 ‚

118 3585 175 3648 que
194 3567 291 3630 faciat
270 3576 322 3640 t‚rs
344 3575 447 3630 neret
435 3569 587 3629 traducere
605 3567 730 3629 velitt
660 3574 748 3629 trsto
731 3575 929 3630 otannorum
952 3567 1090 3647 [consilia]
1109 3571 1228 3638 secreta,

118 3673 193 3733 quae
208 3658 256 3715 vix
270 3654 349 3716 mille
363 3653 499 3714 homines
515 3644 677 3715 noverunt.³

206 3740 370 3801 secundum
391 3740 467 3802 banc
481 3739 715 3820 deprecationem
730 3740 863 3803 lacrimas
877 3756 982 3800 rursus
997 3736 1099 3799 effudit
1113 3732 1229 3814 gemiti·
1246 3743 1284 3806 18

118 3815 235 3906 busque
255 3826 341 3906 largis
363 3843 557 3888 concussao
527 3834 557 3886 to
559 3833 587 3886 ta
607 3825 679 3888 facie
699 3845 733 3888 ac
748 3833 867 3906 pectore
882 3832 981 3887 torum
996 3841 1095 3885 meum
1110 3821 1228 3920 pressit.

119 3929 173 3989 ego
194 3911 331 3974 eodemt
318 3919 452 3992 tempore
472 3919 501 3973 et
519 3911 720 3974 misericordia
734 3911 868 3976 turbatus
885 3918 915 3972 et
928 3916 1018 3986 metu,
1037 3907 1149 3970 bonum
1164 3907 1228 3970 ani·
