2762 4344
586 223 729 280 ειιιιιιιιι
1170 231 1211 298 23

99 379 244 454 benhur,
266 378 400 458 quotidie
415 379 508 458 peius.
538 379 611 444 haec
626 379 741 446 colonia
755 387 938 444 retroversus
954 382 1059 446 crescit
1072 390 1211 482 uuquam

104 466 177 528 coda
191 425 279 528 violi.
310 463 362 525 sed
383 483 472 544 quare
487 483 544 528 nos
558 465 700 528 babemus
715 466 837 528 aedilem
851 467 941 530 trium
957 468 1138 544 munierum,
1161 471 1212 551 qui

104 549 161 614 sibi
175 550 285 614 mavult
298 569 397 612 assem
413 569 500 630 quam
517 550 604 612 vitam
619 549 778 615 nostram?
801 551 904 650 ’itaque
919 554 1000 617 domi
1014 555 1128 654 gaudet,
1144 556 1211 635 plus

102 637 131 698 in
147 635 192 700 die
206 653 402 698 nummorum
417 635 530 715 accipit,
546 654 632 718 quam
647 637 718 699 alter
732 637 942 736 patrimonium
956 639 1050 703 ῖιεῖιθῖ.
1078 641 1136 704 iarn
1149 641 1211 704 scio

101 721 177 784 unde
192 721 340 804 acceperit
327 721 491 784 tdenarios
506 721 582 784 mille
597 740 713 786 aureos.
744 723 835 784 sed
810 742 837 785 ει
848 742 904 786 nos
917 723 1014 790 coleos
1026 725 1211 801 haberemus,

97 825 159 870 non
175 813 293 870 tantum
309 805 365 868 sibi
381 807 514 886 placeret.
544 824 624 873 nuuc
638 807 766 889 populus
781 816 827 870 θεῖ
839 808 919 871 domi
931 808 1040 884 leones,
1055 811 1136 874 lorus
1148 812 1210 876 vul·

96 912 159 974 pes.
191 892 274 972 qnod
289 892 326 954 ad
342 910 390 952 me
404 892 514 966 attinet,
528 892 587 956 iam
603 911 718 972 pannos
734 911 817 956 meos
830 893 955 967 comedi,
970 895 1035 956 etsi
1047 905 1213 976 perseveret

95 980 169 1042 baec
183 995 315 1049 annona,
332 976 444 1042 casulas
461 996 541 1040 meas
555 979 689 1042 vendam.
720 979 788 1058 quid
804 979 881 1042 enim
897 980 1031 1044 futurum
1047 988 1101 1057 θεῖ,
1117 983 1142 1044 εἰ
1157 1001 1212 1045 neo

100 1063 140 1126 dii
154 1082 209 1128 nec
222 1062 363 1126 homines
377 1063 464 1126 huius
481 1062 611 1126 coloniae
626 1061 829 1128 miserentur?
858 1065 895 1130 its
910 1083 994 1128 meos
1009 1066 1164 1144 tranitem,
1180 1076 1213 1132 ut

100 1168 153 1228 ego
172 1155 248 1228 puto
266 1148 365 1212 omnia
380 1147 428 1210 illa
443 1167 459 1209 a
474 1148 570 1212 diibus
586 1149 658 1212 fieri.
702 1167 791 1212 nemo
807 1150 885 1230 enim
901 1151 1011 1214 caelum
1027 1152 1138 1216 caelum
1154 1171 1211 1233 pu-

96 1242 145 1309 tet,
159 1253 254 1296 nemo
271 1233 412 1297 ieiunium
427 1241 534 1308 serrat,
556 1253 643 1296 nemo
659 1235 758 1296 lovem
775 1235 825 1315 pili
838 1235 919 1310 lacit,
935 1237 986 1298 sed
1002 1254 1107 1298 omues
1123 1256 1211 1317 oper-

82 1321 132 1384 'tis
149 1319 246 1384 oculis
262 1318 341 1382 bona
357 1337 409 1382 sua
425 1326 607 1400 computant.
651 1327 734 1382 autea
750 1320 872 1386 stolatae
887 1320 969 1383 ibant
983 1321 1071 1386 nudis
1087 1322 1211 1402 pedibus

95 1406 126 1468 in
144 1405 270 1476 clivum,
293 1404 390 1484 passis
413 1404 536 1485 capillis,
557 1404 706 1467 mentibus
722 1405 814 1485 puris,
831 1413 860 1468 et
874 1407 971 1471 lovem
988 1426 1090 1487 aquarn
1107 1427 1210 1472 exora-

97 1491 177 1556 bant
209 1490 308 1570 itaque
329 1489 427 1554 statim
449 1490 590 1554 urceatim
611 1489 757 1571 plorebat:
778 1497 829 1553 aut
848 1499 919 1556 tunc
938 1499 988 1554 aut
1002 1509 1167 1573 nunquam:
1183 1500 1212 1556 et

99 1595 204 1640 omnes
224 1575 361 1641 redibant
381 1575 430 1638 udi
451 1583 590 1656 tanqnam
610 1595 720 1642 mures.
749 1577 847 1675 itaque
866 1577 906 1639 dii
921 1578 1012 1657 pedes
1027 1579 1106 1645 lauat
1094 1585 1143 1640 tos
1158 1579 1210 1646 ba·

94 1663 176 1736 bent,
177 1662 265 1767 quia
278 1679 336 1724 nos
350 1661 478 1741 religiosi
493 1679 554 1726 non
570 1679 683 1726 sumus.
714 1662 775 1767 agri
790 1654 895 1727 iacent'
911 1697 953 1710 -

177 1739 249 1813 ‘oro
265 1739 303 1808 te'
316 1746 411 1827 rnqurt
420 1747 535 1809 Echion
550 1747 736 1812 centonarius
748 1740 863 1814 ‘mebus
879 1739 1038 1829 loquera‘
1039 1740 1182 1813 ιἰιιοιῖθ
1157 1767 1210 1824 stc,
1227 1755 1267 1815 45

93 1835 188 1898 modo
207 1824 264 1896 sic’
264 1825 383 1912 'inquit
397 1833 540 1909 rusticus3
554 1833 665 1896 tarium
678 1853 802 1914 porcum
814 1834 988 1914 perdiderat.
1033 1836 1111 1932 quod
1123 1835 1210 1898 hodie

92 1927 230 1992 nonest,
247 1937 311 1980 cras
327 1918 388 1982 erit.
418 1919 461 1980 sic
475 1919 531 1981 vita
546 1918 682 1982 truditur.
726 1937 788 1982 non
803 1920 984 1982 mehercules
1000 1920 1092 2000 patria
1107 1921 1212 1982 melior

94 2006 150 2068 dici
166 2011 280 2086 potest,
297 2004 323 2065 sl
338 2004 475 2068 homines
490 2005 617 2066 haberet.
649 2003 700 2066 sed
712 2004 826 2068 laborat
836 2006 894 2066 hoc
910 2013 1055 2085 tempore,
1072 2024 1127 2068 neo
1140 2007 1212 2068 baec

99 2092 175 2154 sola:
197 2108 261 2152 non
281 2089 420 2152 debemus
441 2089 553 2154 delicati
573 2108 649 2152 esse:
672 2085 778 2169 ubique
797 2090 912 2152 medius
929 2091 1025 2155 caelus
1046 2096 1100 2152 est.
1129 2091 1209 2152 tusi

100 2176 186 2238 aliubi
207 2174 316 2247 fueris,
339 2175 417 2238 dices
439 2175 488 2238 hic
509 2193 619 2273 porcos
642 2181 743 2238 coctos
764 2175 923 2237 ambulare
948 2183 977 2238 et
996 2194 1064 2238 ecoe
1083 2175 1211 2238 babituri

98 2280 202 2324 sumus
223 2279 334 2324 munus
353 2261 534 2327 excellente
527 2280 558 2323 m
579 2257 676 2326 triduo
697 2260 743 2322 die
757 2260 844 2335 festa3
863 2259 972 2322 familia
986 2277 1046 2324 non
1061 2259 1211 2334 lanisbcia,

93 2349 146 2412 sed
168 2346 292 2428 plurimi
311 2345 413 2410 liberti.
444 2355 473 2408 et
488 2347 573 2408 'l'itus
592 2353 694 2408 noster
713 2363 854 2424 magnum
874 2345 1004 2408 animum
1019 2346 1108 2410 babet
1122 2353 1151 2409 et
1165 2354 1211 2410 est

93 2431 338 2496 caldicerebrius:
354 2438 403 2494 aut
417 2432 475 2494 hoc
489 2439 538 2494 aut
526 2432 620 2494 tillud
637 2431 700 2505 erit,
717 2431 787 2528 quid
801 2431 909 2512 utique.
933 2449 1001 2494 nam
1013 2430 1053 2494 illi
1066 2430 1209 2498 domesti-

95 2538 149 2582 cus
171 2537 258 2591 sum,
277 2534 339 2580 non
358 2525 403 2580 est
422 2517 535 2582 miscis.
565 2517 676 2580 ferrum
694 2517 839 2597 optimum
856 2517 976 2580 daturus
992 2524 1039 2580 θεῖ
1054 2517 1118 2580 sine
1131 2518 1209 2597 luga,

94 2604 265 2668 carnarium
286 2593 315 2664 in
335 2603 496 2676 medio,tut
511 2603 757 2700 amphitheatrum
772 2602 874 2665 videat.
904 2610 932 2665 et
947 2603 1035 2670 habet
1049 2603 1141 2666 unde:
1164 2623 1211 2664 re-

94 2691 200 2752 lictum
220 2695 267 2750 θεῖ
286 2688 327 2750 illi
347 2689 514 2750 sestertium
534 2688 639 2750 tricent
626 2689 693 2763 ties,
713 2689 838 2752 decessit
859 2688 937 2751 illius
959 2696 1042 2768 pater
1065 2689 1149 2751 male.
1180 2696 1213 2752 ut

97 2775 312 2856 quadringenta
333 2773 498 2854 impendat,
518 2791 579 2837 non
600 2775 704 2838 sentiet
721 2774 930 2854 patrimonium
945 2774 1037 2847 illius,
1054 2781 1084 2836 et
1098 2774 1211 2853 sempi-

99 2870 183 2924 terno
204 2859 372 2922 nominabit
359 2868 416 2922 tur.
447 2859 504 2920 iam
527 2877 644 2922 nannos
668 2859 778 2956 aliquot
796 2860 883 2923 habet
904 2867 932 2920 et
953 2859 1105 2922 mulierem
1129 2877 1209 2921 essc-

102 2946 257 3008 dariamt
228 2953 257 3008 θῖ
272 2945 506 3024 dispensatorem
522 2945 669 3025 Glyconis,
686 2947 734 3024 qui
750 2945 953 3024 deprehensus
968 2951 1014 3006 est
1029 2963 1096 3006 cum
1112 2943 1210 3005 domi-

97 3050 167 3097 nam
194 3049 279 3096 suam
303 3031 503 3094 delectaretur.
537 3030 649 3094 videbis
672 3029 774 3109 populi
796 3029 889 3090 rixam
913 3029 988 3090 inter
1011 3028 1161 3107 zelotypos
1184 3037 1214 3089 et

96 3115 328 3182 amasiunculos.
360 3115 448 3196 Glyco
463 3123 575 3187 autem,
597 3114 792 3178 sestertiarius
807 3115 909 3186 homo,
924 3114 1158 3194 dispensatorem
1175 3114 1211 3178 ad

94 3203 208 3268 bestias
230 3202 318 3264 dedit.
348 3203 407 3263 hoc
426 3209 471 3262 est
495 3220 527 3262 se
545 3201 642 3281 ipsum
664 3199 822 3262 traducere.
858 3199 927 3279 quid
948 3215 1047 3264 servus
1073 3200 1210 3278 peccavit,

94 3290 146 3370 qui
170 3295 290 3352 coactus
309 3293 354 3348 θεῖ
372 3282 489 3350 lacere?
509 3289 601 3365 magis
622 3287 668 3348 illa
688 3285 799 3348 matella
820 3285 907 3363 digna
925 3285 981 3349 fuit
1001 3303 1088 3365 quum
1109 3293 1212 3352 taurus

95 3375 227 3437 iactaret.
258 3373 309 3434 sed
331 3373 380 3452 qui
400 3373 514 3433 asinum
535 3390 594 3433 non
614 3378 725 3452 potest,
748 3377 871 3432 stratum
893 3370 993 3436 caedit.
1024 3372 1094 3451 quid
1116 3380 1211 3436 θιιῖθιιι

96 3461 188 3542 Glyco
212 3457 330 3538 putabat
350 3457 543 3537 Hermogenis
569 3458 673 3519 filicem
699 3473 830 3536 unquam
854 3455 966 3518 bonum
986 3458 1095 3524 exitum
1117 3457 1211 3519 factu-

96 3543 185 3611 ram?
220 3544 267 3606 ille
286 3543 373 3615 milvo
394 3543 503 3605 volanti
482 3549 643 3623 tpoterat
662 3560 776 3621 ungues
796 3560 942 3617 resecare3
963 3543 1082 3606 colubra
1102 3550 1211 3604 restem

96 3650 160 3694 non
176 3629 261 3710 parit
292 3627 390 3709 Glyco,
406 3627 494 3725 Glyco
511 3628 589 3693 dedit
604 3647 687 3690 suas·
681 3627 798 3707 ,itaque
813 3628 951 3707 quamdiu
967 3628 1077 3700 vixerit,
1092 3625 1210 3688 habebit

98 3717 250 3796 stigmam,
266 3731 320 3780 nec
334 3714 412 3776 illam
427 3713 595 3777 nis10'rcus
612 3713 725 3776 delebit.
750 3712 800 3776 sed
817 3715 874 3776 sibi
889 3715 1012 3794 quisque
1023 3716 1136 3855 peccntd.
1155 3711 1208 3772 sed

97 3800 281 3873 subolfacio,
303 3800 382 3896 quod
402 3799 488 3862 nobis
504 3801 623 3897 epulum
639 3799 760 3864 daturus
776 3805 821 3860 est
836 3799 993 3870 Mammea,
1015 3793 1136 3862 binosd
1137 3813 1208 3858 eua-

98 3888 163 3954 rios
180 3885 253 3948 mihi
277 3891 306 3948 et
324 3885 407 3954 meis.
437 3886 516 3966 quod
538 3904 562 3947 ει
555 3883 670 3951 'fboc
662 3884 763 3958 ecerit,
785 3883 898 3964 eripiat
901 3880 1040 3944 Norbano
1056 3880 1211 3974 totumfa-

881 4181 891 4215 l
