2728 4344
156 282 195 346 ιιι
625 275 781 332 rnrnonu

696 451 715 494 a

155 521 311 626 positoque
326 519 356 581 in
370 519 468 580 limine
484 536 560 597 genu
575 520 617 580 sie
632 521 768 597 deprecat
770 537 804 578 us
821 535 886 579 sum
901 517 1021 578 numina
1037 536 1137 579 versu:

200 597 415 686 ‘Nympharum
432 603 594 684 Bacchique
610 622 724 674 comeo,
740 620 826 682 quem
843 602 941 683 pulcra
957 603 1049 664 llioue

219 690 355 752 divitibus
371 689 449 750 silvis
464 707 574 751 numen
590 689 679 763 dedit,
695 687 801 749 incluta
817 696 899 767 paret
1001 706 1003 714 ’

219 793 264 837 our
256 773 389 835 Lesbos
404 774 564 854 viridisque
576 774 704 848 Thasos,
720 791 806 853 quern
821 773 919 852 Lydus
934 774 1036 834 adorat

219 860 370 940 septifluus
386 859 585 940 templumque
601 859 658 920 tuis
674 858 799 938 imponit
813 857 974 938 Hypaepis:

172 962 186 1011 5
221 945 280 1007 huc
294 944 362 1006 ades
377 951 406 1006 et
420 944 522 1006 Bacchi
538 951 617 1006 tutor
631 944 834 1024 Dryadumque
848 942 997 1023 voluptas,

219 1037 248 1093 et
261 1030 378 1093 timidas
395 1029 514 1091 admitte
528 1047 639 1109 preces.
670 1047 731 1090 non
746 1029 888 1108 sanguine
902 1029 979 1090 tristi

219 1116 355 1196 perfusus
371 1115 470 1187 renio,
486 1132 547 1176 non
562 1113 678 1193 templis
694 1114 803 1194 impius
818 1114 913 1177 hostis

219 1200 335 1263 admovi
350 1201 494 1274 dextram,
511 1199 562 1261 sed
578 1199 664 1280 inops
680 1206 708 1260 at
723 1199 810 1262 rebus
825 1199 923 1279 egenis

219 1286 333 1348 attritus
348 1285 461 1347 facinus
477 1303 538 1347 non
552 1292 615 1346 toto
631 1303 756 1365 corpore
770 1285 834 1347 feci.

158 1388 188 1440 ro
223 1370 356 1451 quisquis
371 1376 471 1450 peccat
485 1370 586 1450 inops,
602 1370 701 1432 minor
715 1378 761 1431 est
774 1389 851 1433 reus.
879 1371 934 1430 hac
948 1387 1048 1449 prece,
1065 1385 1188 1448 quaeso,

218 1474 343 1517 exonera
359 1463 485 1517 mentem
502 1455 661 1535 culpaeque
675 1456 797 1534 ignosce
811 1454 932 1529 minori,

218 1548 247 1603 et
261 1540 435 1621 quandoque
451 1539 521 1602 mihi
535 1541 670 1603 fortunae
684 1540 819 1602 adriserit
832 1542 918 1612 hora,

218 1642 280 1688 non
295 1626 357 1687 sine
372 1627 486 1687 honore
500 1632 584 1687 tuum
601 1626 693 1706 potiar
708 1627 806 1688 decus.
836 1625 888 1687 ibit
903 1625 938 1686 ad
954 1643 1034 1700 aras,

220 1719 332 1784 sancte,
347 1717 412 1772 tuas
427 1710 540 1784 hircus,
556 1713 672 1792 pecoris
688 1718 784 1807 pater,
799 1711 852 1772 ibit
866 1711 902 1771 ad
917 1729 982 1770 eras

158 1814 187 1864 15
224 1796 359 1875 corniger
373 1802 402 1857 et
415 1757 553 1875 quemlab
566 1795 642 1857 fetus
659 1796 735 1870 suis,
750 1796 846 1856 hostia
860 1796 978 1856 lactens.

219 1881 367 1980 spumabit
381 1880 487 1961 pateris
504 1882 616 1942 hornus
632 1881 741 1961 liquor,
757 1890 786 1942 et
799 1889 845 1942 ter
860 1887 993 1942 orantem

219 1967 294 2030 eirca
310 1966 460 2029 delubrum
478 1983 610 2046 gressum
626 1966 700 2028 feret
716 1967 794 2029 ebria
810 1957 916 2047 puhes’

696 2067 715 2110 a

240 2137 310 2201 dum
325 2139 397 2201 haec
412 2156 466 2218 ago
484 2155 608 2218 curaque
623 2137 732 2200 sollerti
744 2138 878 2218 deposito
891 2155 957 2198 meo
970 2154 1065 2209 caveo,
1080 2134 1197 2197 intrarit
1208 2135 1259 2198 de-

154 2224 272 2287 lubrum
288 2242 361 2286 anus
376 2223 506 2286 laceratis
522 2224 650 2286 crinibus
668 2231 786 2302 atraque
797 2230 877 2284 reste
889 2221 1041 2293 deformis,
1057 2228 1195 2301 extraque
1209 2239 1258 2282 ve·
1347 2197 1349 2264 Ϊ

157 2310 294 2373 stibulum
310 2329 358 2373 me
372 2309 476 2371 iniecta
491 2309 676 2371 manuduxit

694 2405 715 2444 11

89 2487 148 2548 131
238 2473 328 2561 ‘quae
343 2480 447 2577 striges
463 2478 653 2541 comederunt
668 2496 774 2538 nervos
790 2485 867 2552 tuoe,
883 2484 934 2538 aut
945 2477 1023 2556 quod
1035 2484 1258 2556 purgamentum

156 2573 242 2627 nocte
213 2565 405 2627 toaleasti
398 2583 428 2625 ru
448 2565 534 2625 trivio
555 2571 604 2624 aut
625 2560 767 2624 cadaver?
793 2580 831 2622 ne
846 2582 861 2623 a
877 2580 970 2642 puero
987 2561 1105 2659 quidem
1120 2569 1149 2623 te
1164 2562 1258 2623 vindi·

158 2652 237 2726 casti,
252 2651 303 2711 sed
318 2649 429 2724 mollis,
445 2648 557 2722 debilis,
572 2649 678 2722 lassus,
693 2655 830 2727 tanquam
848 2647 997 2708 caballus
989 2666 1018 2708 ιιι
1033 2647 1122 2720 ι11νο,
1143 2654 1173 2708 ι1
1189 2667 1258 2728 ope·

156 2754 220 2797 ram
239 2742 268 2797 et
282 2733 419 2796 sudorem
435 2695 596 2815 perdidisti.
625 2751 680 2795 nec
695 2740 849 2796 contentus
865 2732 928 2813 ipse
943 2751 1079 2813 peccare,
1101 2732 1173 2793 mihi
1189 2734 1257 2794 deos

156 2821 245 2884 iratos
260 2811 404 2883 excitasti'

698 2919 717 2962 a

241 3012 274 3054 ac
293 3010 341 3052 me
360 2991 492 3053 iterum
485 3009 515 3053 ru
535 2989 636 3052 cellam
655 2989 816 3051 sacerdotis
837 2988 909 3053 nihil
927 2995 1110 3052 recusantem
1126 2990 1260 3069 perduxit

157 3077 328 3157 impulitque
352 3095 441 3157 super
460 3075 564 3138 lectum
585 3083 613 3137 et
635 3075 827 3137 harundinem
843 3076 879 3136 ab
896 3077 971 3138 ostio
987 3074 1083 3155 rapuit
1096 3075 1259 3157 iterumque

157 3163 228 3224 nihil
248 3162 474 3242 respondentem
496 3161 640 3223 mulcavit.
670 3179 704 3221 ao
717 3161 774 3222 nisi
789 3161 886 3240 primo
902 3163 962 3224 ictu
976 3161 1109 3222 harundo
1126 3169 1259 3241 quassata

157 3248 297 3328 impetum
319 3247 495 3309 verberantis
512 3247 681 3320 minuisset,
701 3245 825 3308 forsitan
842 3247 928 3308 etiam
945 3246 1062 3307 brechia
1078 3265 1139 3307 mea
1157 3254 1259 3326 caput-

158 3350 213 3412 que
227 3331 370 3409 fregisset.
400 3333 528 3412 ingemui
545 3351 598 3412 ego
614 3332 713 3410 utique
724 3339 846 3412 propter
857 3330 1101 3410 mascarpionem‚
1116 3332 1259 3394 lacrimis-

157 3436 212 3497 que
231 3415 356 3478 ubertim
379 3418 563 3478 manantibus
585 3417 775 3478 obscuratum
790 3417 889 3478 dextra
905 3422 991 3494 caput
1005 3434 1094 3496 super
1108 3417 1258 3495 pulvinum

158 3500 300 3563 inclinavi.
330 3519 384 3562 uec
399 3502 497 3563 minus
512 3503 557 3563 illa
573 3503 642 3564 fletu
657 3502 778 3564 confusa
794 3502 881 3564 altera
894 3507 975 3580 parte
986 3500 1081 3562 lectuli
1093 3501 1169 3563 sedit
1180 3511 1258 3564 aeta-

156 3587 251 3668 tisque
266 3586 367 3664 longae
382 3604 494 3647 moram
510 3588 641 3648 tremulis
657 3588 778 3649 vocibus
791 3585 887 3668 coepit
898 3603 1042 3657 accusare,
1059 3586 1154 3648 donec
1168 3587 1259 3649 inter·
1347 3597 1348 3654 1

66 3675 71 3702 '
159 3673 237 3735 venit
251 3671 389 3733 sacerdos

238 3832 322 3922 ‘quid
344 3833 409 3903 vos’
429 3833 547 3922 inquit‘
553 3843 583 3904 in
604 3843 702 3903 cellam
723 3860 816 3903 meam
837 3847 987 3919 tamquam
1013 3841 1048 3902 ad
1074 3859 1176 3903 recens
1203 3843 1258 3905 hu

159 3933 237 3989 stum
252 3924 395 3988 venistis?
418 3927 516 4007 utique
532 3925 578 3988 die
592 3927 739 4000 feriarum,
757 3944 813 4005 quo
830 3923 916 3984 etiam
933 3926 1064 4004 lugentes
1079 3918 1186 3989 rident’
