2762 4344
512 273 655 326 sarman
1094 280 1136 342 47

58 447 111 490 eum
126 447 160 490 ea
176 430 230 491 hac
246 435 318 490 nota
337 427 530 490 litteratorum
550 447 629 504 esse,
650 449 725 510 quos
748 429 847 494 odisse
861 429 963 494 divites
978 431 1082 495 solent
1111 433 1137 495 is

58 533 113 594 ergo
127 516 244 577 adlatus
259 514 393 576 constitit
407 533 507 576 meum

571 611 593 652 a

119 677 188 764 ‘ego’
201 686 297 766 inquit
307 677 406 767 ‘poeta
422 703 490 748 sum
505 691 535 746 et
548 691 581 746 ut
595 704 700 766 spero,
715 705 777 748 non
793 686 946 750 humillimi
961 689 1096 770 spiritus,
1112 689 1137 752 si

61 773 129 832 modo
148 773 261 833 coronis
284 773 391 854 aliquid
407 772 586 835 eredendum
600 781 658 845 est,
673 791 747 852 quas
761 773 848 834 etiam
865 774 901 835 ad
916 774 1069 853 imperitos
1086 777 1137 837 de-

59 857 116 918 lerre
131 859 212 936 gratia
231 859 317 920 solet.
343 851 459 940 “quare
478 848 573 937 ergo''
591 858 689 938 inquis
711 851 797 922 “tam
817 860 892 921 male
910 861 1032 922 vestitus
1058 852 1138 923 es?”

58 951 154 1023 propter
172 945 227 1005 hoo
245 945 358 1024 ipsum.
388 964 473 1007 amor
491 943 600 1022 ingenii
619 944 767 1006 neminem
783 963 912 1026 uuquam
927 946 1044 1008 divitem
1059 947 1137 1008 lecit

212 1032 262 1110 qui
278 1032 381 1111 pelago
398 1031 502 1103 credit,
519 1049 626 1110 magno
642 1050 675 1092 se
689 1031 808 1094 faenore
822 1031 910 1106 tollit3

211 1117 862 1283 tlt*ttttt‘ptttttttttttttl³
876 1136 962 1194 “³¹⁰³

824 1251 832 1277 5

213 1291 310 1370 etqui
326 1290 461 1352 sollicitat
474 1295 595 1368 nuptas,
610 1289 646 1351 ad
661 1290 791 1370 praemia
806 1297 920 1370 peccat:

212 1365 275 1436 sola
291 1375 443 1456 pruinosis
458 1375 560 1436 horret
572 1361 707 1437 facundia
723 1377 829 1455 pannis
1021 1391 1036 1441 5

212 1468 301 1542 atque
315 1462 398 1542 inopi
412 1462 511 1542 lingua
527 1461 658 1522 desertas
673 1461 789 1523 invocat
802 1469 889 1522 artes.

57 1558 103 1600 non
119 1543 195 1606 duhie
212 1547 252 1608 ita
273 1556 336 1610 est:
357 1549 383 1609 si
402 1549 466 1629 quis
486 1546 624 1610 vitiorum
645 1548 778 1609 omnium
798 1547 935 1608 inimicus
954 1553 1068 1608 rectum
1083 1545 1138 1607 iter
1153 1548 1194 1611 84

57 1625 112 1686 vitae
128 1631 217 1712 eoepit
234 1634 387 1709 insistere,
408 1637 539 1714 primum
558 1640 682 1714 propter
696 1653 814 1696 morum
830 1633 1021 1696 differentiam
1037 1632 1138 1694 odium

58 1711 136 1789 hehet3
149 1719 209 1796 quis
224 1721 306 1782 enim
323 1728 421 1800 potest
435 1720 561 1800 probare
577 1718 714 1782 diversa?
737 1720 840 1782 deinde
854 1719 903 1800 qui
914 1720 992 1782 solas
1005 1727 1138 1782 extruere

58 1797 145 1862 divitias
159 1814 268 1879 curant,
285 1806 358 1868 nihil
373 1807 475 1868 volunt
489 1805 564 1867 iuter
579 1806 715 1867 homiues
732 1807 835 1867 melius
852 1806 939 1881 credi,
955 1825 1041 1886 quam
1059 1805 1138 1885 qnod

58 1881 99 1959 ipsi
110 1893 207 1952 teuent.
233 1892 418 1954 insectantur
429 1893 540 1972 itaque,
562 1908 735 1972 quacunque
745 1893 859 1954 ratione
870 1899 1012 1972 possunt,
1027 1890 1138 1952 littera-

61 1985 107 2030 run
119 1984 265 2053 amatores,
282 1986 316 2041 ut
330 1977 482 2041 videantur
497 1977 537 2039 illi
552 1997 670 2058 quoque
683 1978 759 2040 infra
775 1979 929 2058 pecuniam
945 1967 1049 2059 positi'

571 2075 592 2114 a

122 2136 227 2217 ‘neseio
245 2169 306 2230 quo
323 2150 414 2212 modo
428 2150 525 2213 honae
540 2148 646 2210 mentis
662 2166 750 2210 soror
764 2156 809 2210 est
824 2140 995 2229 paupertas'

571 2247 593 2286 e

120 2307 231 2398 tvellem,
249 2331 312 2384 tam
328 2322 473 2384 innocens
489 2330 569 2384 esset
582 2319 755 2398 frugalitatis
767 2339 848 2381 meae
859 2320 966 2391 hostis,
982 2326 1015 2380 ut
1025 2315 1137 2379 deliniri

61 2408 144 2470 lasset
170 2423 249 2472 nunc
259 2417 419 2471 -veteranus
435 2413 481 2469 est
493 2407 567 2471 latro
583 2414 612 2468 et
626 2405 699 2485 ipsis
714 2406 869 2468 lenonibus
885 2398 1010 2468 doctior'

571 2509 592 2547 ih

126 2561 160 2635 ‘in
172 2579 273 2643 Asiam
287 2599 352 2641 cum
365 2599 380 2641 a
393 2587 547 2660 quaestore
558 2597 653 2640 essem
667 2579 813 2659 stipendio
825 2579 958 2654 eductus,
974 2576 1137 2658 hospitium
1154 2575 1193 2638 85

61 2648 164 2732 Pergami
182 2667 291 2748 accepi.
326 2666 377 2728 uhi
397 2685 464 2728 eum
483 2667 607 2729 libenter
627 2664 787 2727 habitarem
808 2683 869 2726 non
896 2666 992 2727 solum
1018 2671 1139 2744 propter

62 2737 143 2829 tultum
157 2752 366 2825 aedicularum,
384 2753 435 2814 sed
451 2753 536 2814 etiam
555 2758 675 2833 propter
690 2753 818 2831 hospitis
833 2751 1085 2814 formosissimum
1102 2749 1138 2808 li-

60 2817 121 2900 ¹¹l¹¹¹2
140 2839 298 2917 excogitavi
313 2839 472 2912 rationem,
494 2858 551 2917 qua
565 2857 625 2900 non
641 2857 736 2900 essem
752 2838 828 2918 patri
843 2838 966 2900 familiae
982 2841 1137 2918 suspectus

58 2921 152 3001 amator.
177 2925 411 3004 quotiescunque
426 2926 502 2986 enim
519 2926 550 2984 in
566 2924 698 2985 convivio
716 2923 750 2984 de
765 2943 821 2984 usu
836 2923 1039 2984 formosorum
1052 2936 1137 2981 men-

57 2997 87 3052 tio
99 2998 163 3065 lacte
178 3018 235 3087 est,
257 3018 315 3072 tam
338 3012 524 3072 vehementer
539 3010 694 3082 excandui,
714 3017 773 3081 tam
790 3027 891 3069 severa
905 3008 1022 3069 tristitia
1038 3003 1138 3066 violari

58 3094 122 3145 aures
130 3107 203 3156 meas
212 3097 363 3158 obscoeno
376 3115 514 3158 sermone
526 3095 617 3169 nolui,
629 3102 661 3157 ut
673 3115 720 3156 me
731 3101 823 3156 mater
833 3094 988 3174 praecipue
999 3101 1137 3173 tanquam

57 3179 128 3232 unum
145 3195 176 3240 ex
196 3183 382 3262 philosophis
403 3183 572 3244 intueretur.
607 3181 664 3244 iam
689 3201 743 3261 ego
766 3199 919 3260 coeperam
940 3179 1086 3258 ephebum
1107 3180 1137 3243 in

58 3264 213 3329 storacium
231 3269 383 3342 deducere,
400 3287 452 3348 ego
469 3268 564 3330 studia
579 3267 640 3330 eius
658 3268 803 3340 ordinare,
820 3285 873 3344 ego
890 3266 996 3327 docere
1007 3285 1040 3327 ac
1052 3285 1138 3347 prae-

58 3335 141 3419 cipere,
156 3369 191 3412 ne
206 3354 272 3434 quis
287 3355 442 3434 praedator
457 3354 591 3433 corporis
607 3355 809 3416 admitteretur
823 3352 853 3412 in
869 3351 990 3414 domum

571 3451 591 3490 a

121 3517 190 3583 forta
212 3545 277 3587 eum
298 3526 328 3586 in
349 3525 474 3588 triclinio
496 3526 672 3596 immemor,
693 3523 759 3603 quia
780 3521 842 3586 dies
863 3524 1013 3588 sollemnis
1036 3527 1136 3590 ludum

58 3599 175 3685 artaverat
193 3611 397 3691 pigritiamque
416 3610 569 3674 recedendi
589 3609 770 3690 imposuerat
784 3609 913 3674 hilaritas
929 3612 1058 3692 longior,
1078 3613 1138 3675 lero

59 3691 115 3745 circa
129 3695 246 3758 mediam
266 3703 383 3758 noctem
398 3697 523 3760 intellexi
538 3713 663 3776 puerum
680 3695 803 3776 vigilare.
833 3699 930 3778 itaque
945 3697 1135 3760 timidissimo

58 3777 184 3865 murmure
194 3792 292 3845 votum
304 3784 359 3846 feei
372 3792 401 3846 et
410 3773 573 3845 “domina''
588 3781 707 3863 inquam
719 3773 851 3858 “Venus,
868 3785 893 3846 ai
906 3801 960 3862 ego
973 3783 1051 3843 hunc
1062 3799 1136 3862 puo-

59 3862 110 3914 lum
122 3858 273 3962 proiciere,
287 3869 325 3932 ita
342 3877 373 3931 ut
388 3870 434 3932 ille
449 3887 509 3931 non
526 3868 644 3944 sentiat,
661 3887 724 3932 cras
739 3869 778 3931 illi
794 3888 847 3950 par
862 3867 1064 3932 columbarum
1080 3867 1135 3930 do-

58 3936 120 4000 nabo
141 3993 147 4008 .
167 3956 262 4018 audito
275 3956 431 4036 uoluptatis
443 3955 538 4038 pretio
551 3973 623 4038 puer
639 3963 760 4019 stertere
773 3955 876 4037 coepit.
907 3953 1003 4034 itaquo
1016 3969 1136 4036 eggres-
