2762 4344
204 246 244 310 32
679 243 835 298 unruonu

201 399 324 496 geniem,
339 398 428 461 tiliam
445 415 537 470 suam,
550 398 651 462 Achilli
667 399 747 461 dedit
760 415 891 462 uxorem.
914 399 952 460 ob
967 417 1030 460 eam
1045 415 1109 460 rem
1120 397 1211 460 Aiax
1202 398 1312 460 insanit

183 494 230 547 *et
250 485 348 547 statim
364 492 565 564 argumentum
582 475 754 582 explicabit?
782 485 853 547 haec
867 491 901 556 ut
915 483 986 546 dixit
997 484 1183 558 Trimalchio,
1199 484 1308 546 clamo·

199 589 263 632 rem
274 569 457 632 Homeristae
472 570 720 644 sustulerunt't
676 588 706 630 m
707 578 809 650 terque
822 570 962 632 familiam
976 570 1188 632 discurrentem
1202 569 1309 633 vitulus

200 656 231 717 in
249 655 331 717 lance
351 655 466 717 denaria
487 655 578 717 elixus
599 656 700 718 allatus
716 662 770 730 est,
787 656 947 734 etquidem
964 656 1099 736 galeatus.
1130 661 1250 716 secutus
1267 662 1312 716 ast

199 741 270 802 Aiax
286 741 446 820 strictoque
460 740 571 820 gladio,
588 747 735 820 tamquam
750 742 900 816 insaniret,
915 741 1056 814 concidit,
1072 759 1106 802 ac
1119 741 1211 802 modo
1229 757 1310 801 versa

200 827 290 888 modo
316 826 420 907 supina
446 826 631 905 gesticulatus
658 843 799 888 mucrone
822 827 916 889 frusta
941 826 1056 906 collegit
1075 825 1310 906 mirantibusque

199 911 320 974 vitulum
335 910 460 992 partitus
475 919 528 972 cst

144 992 184 1055 60
284 1015 338 1059 ιιι
358 997 408 1059 diu
428 997 529 1058 mirari
543 996 624 1058 licuit
637 1003 697 1058 tam
713 997 856 1076 elegantes
872 998 1024 1077 strophas,
1044 1014 1113 1058 nam
1128 1002 1253 1076 repente
1268 997 1308 1058 la·
1369 1015 1370 1024 ¹

200 1082 317 1146 cunaria
337 1101 443 1145 sonare
462 1088 621 1162 coeperunt
640 1090 793 1162 totumque
807 1082 963 1144 triclinium
983 1081 1143 1144 intremuit.
1174 1089 1308 1143 conster-

198 1177 285 1231 natus
305 1187 358 1246 ego
379 1169 530 1230 exsurrexi
549 1175 578 1228 et
595 1168 693 1243 timui,
714 1187 751 1229 ne
771 1185 825 1246 per
843 1175 951 1229 tectum
966 1167 1188 1248 petauristarius
1204 1166 1309 1247 aliquis

199 1255 397 1317 descenderet.
427 1271 481 1316 nec
500 1253 599 1315 minus
619 1251 721 1332 reliqui
742 1253 878 1314 convivae
897 1254 1036 1315 mirantes
1056 1271 1175 1315 erexere
1200 1253 1308 1327 vultus,

199 1347 383 1421 expectantes
399 1339 468 1420 quid
485 1339 553 1400 novi
569 1340 604 1400 de
620 1339 697 1400 caelo
713 1340 904 1402 nuntiaretur.
935 1357 1001 1400 ecce
1016 1346 1111 1401 autem
1124 1337 1255 1400 diductis
1266 1339 1309 1400 la-

199 1425 356 1488 cunaribus
372 1425 470 1487 subito
487 1424 612 1487 circulus
628 1424 742 1504 ingens,
758 1424 794 1486 de
809 1444 883 1505 cupa
895 1423 1027 1486 videlicet
1041 1424 1143 1503 grandi
1155 1441 1307 1500 excussus,

199 1510 372 1584 demittitur,
392 1511 475 1573 cuius
495 1529 550 1589 per
568 1517 662 1572 totum
683 1510 785 1571 orbem
806 1529 932 1572 coronae
950 1527 1055 1572 aureae
1070 1527 1137 1571 cum
1154 1509 1307 1571 alabastris

198 1597 339 1674 unguenti
353 1595 527 1675 pendebant.
558 1596 627 1657 dum
644 1596 715 1656 haec
728 1596 911 1675 apophoreta
925 1595 1060 1658 iubemur
1071 1612 1197 1668 sumere,
1214 1596 1306 1675 respi-

198 1681 278 1743 ciens
295 1682 331 1743 ad
344 1699 477 1742 mensam
490 1725 497 1740 .
511 1727 517 1740 .
532 1724 559 1740 ..
577 1699 584 1742 ι
600 1680 657 1742 iam
670 1681 727 1742 illic
742 1681 952 1760 repositorium
964 1699 1031 1742 cum
1045 1680 1184 1760 placentis
1197 1681 1308 1760 aliquot

199 1773 261 1828 erat
275 1767 421 1846 positum,
441 1767 520 1846 quod
535 1765 664 1827 medium
681 1765 805 1846 Priapus
821 1785 837 1826 a
852 1766 963 1846 pistore
976 1767 1070 1828 factos
1086 1766 1218 1839 tenebat,
1242 1785 1307 1846 gre-

198 1851 317 1931 mioque
337 1851 407 1914 satis
428 1851 526 1931 amplo
547 1851 645 1912 omnis
667 1851 779 1931 generis
801 1869 890 1930 poma
911 1860 939 1914 et
958 1871 1028 1913 uras
1044 1851 1209 1914 sustinebat
1225 1870 1307 1913 more

197 1937 321 2017 vulgato.
351 1937 462 1998 aridius
482 1937 518 1997 ad
539 1955 679 2016 pompam
700 1955 804 1998 manus
819 1937 1019 2017 porreximus,
1036 1944 1082 1998 set
1096 1945 1217 2016 repente
1232 1953 1307 1998 nora

197 2022 336 2084 ludorum
362 2021 465 2083 missio
486 2021 664 2083 hilaritatem
691 2022 739 2083 hic
766 2022 875 2084 refecit.
917 2039 1020 2084 omnes
1049 2022 1127 2083 enirn
1157 2021 1307 2101 placentae

198 2107 355 2187 omniaque
373 2126 461 2187 poma
481 2107 566 2168 etiam
584 2107 705 2169 minima
721 2107 872 2170 vexatione
889 2115 1020 2170 contacta
1036 2114 1196 2187 coeperunt
1211 2109 1307 2170 efluu-

198 2193 266 2257 dere
285 2211 420 2267 crocum,
443 2200 473 2254 et
492 2211 584 2273 usque
604 2193 639 2254 ad
660 2213 694 2254 os
714 2193 857 2255 molestus
875 2196 983 2256 humor
997 2193 1136 2255 accidere
1165 2193 1221 2255 rati
1236 2212 1305 2272 ergo

198 2297 314 2341 sacrum
336 2297 402 2340 esse
421 2276 588 2381 peniculum
608 2285 667 2340 tam
684 2279 822 2376 religiose
838 2286 979 2359 apparatu
994 2279 1163 2384 perfusum,
1180 2296 1305 2340 consur-

197 2364 326 2426 reximus
343 2363 429 2424 altius
445 2370 474 2424 et
484 2355 638 2442 ‘Augusto
654 2364 728 2442 patri
741 2365 859 2462 patriae,
874 2364 995 2426 feliciter
1023 2364 1158 2425 diximus.
1182 2365 1305 2463 quib-us·¹

198 2448 265 2511 dam
280 2457 377 2510 tamen
396 2448 482 2509 etiam
498 2454 567 2527 post
581 2449 656 2509 hanc
670 2448 886 2511 venerationem
901 2467 989 2529 poma
1005 2449 1188 2528 rapientibus
1204 2451 1256 2512 et
1248 2450 1304 2530 rpsi

196 2552 320 2614 mappas
342 2533 541 2612 implevimus,
562 2551 615 2610 ego
631 2533 800 2613 praecipue,
822 2553 872 2614 qux
864 2534 965 2596 nullo
980 2534 1052 2596 satis
1068 2533 1174 2615 ampld
1183 2555 1304 2598 munere

196 2619 339 2716 putabam
355 2637 401 2679 me
417 2635 537 2679 onerare
552 2617 705 2680 Gitonis'
682 2637 789 2680 smum
819 2619 895 2680 inter
908 2620 979 2681 haec
992 2627 1053 2682 tres
1067 2637 1152 2700 puerr
1144 2620 1299 2682 'candidas

197 2704 337 2765 succmctr
348 2702 462 2765 tunicas
473 2703 655 2764 rntraremn
656 2721 802 2784 quorum
813 2704 872 2766 duo
881 2705 968 2766 Lares
979 2704 1104 2767 bullatos
1117 2723 1210 2810 super
1222 2725 1303 2767 men

197 2808 261 2850 sam
272 2796 446 2870 posuerunt
454 2806 531 2851 unus
541 2796 671 2869 pateram
679 2807 738 2851 vmr
730 2780 970 2852 circumferens
974 2789 1013 2851 du
1021 2791 1141 2872 proprtu
1144 2782 1305 2854 'clamabat

282 2959 376 3024 aiebat
393 2966 490 3022 autem
511 2977 604 3020 unum
623 2959 800 3033 Cerdonem,
827 2960 948 3021 alterum
969 2960 1158 3035 Felicionem,
1185 2963 1303 3024 tertium

195 3047 371 3109 Lucrionem
389 3045 494 3107 vocari.
523 3063 580 3106 nos
600 3046 686 3107 otiam
707 3064 803 3106 veram
824 3045 979 3125 imaginem
995 3045 1089 3144 ipsius
1105 3045 1304 3110 Trimalchio-

195 3132 253 3207 nis,
269 3151 335 3196 cum
352 3131 408 3192 iam
425 3149 529 3192 omnes
545 3131 700 3205 basiarent,
714 3130 884 3193 erubuimus
900 3131 1065 3210 praeterire

140 3210 178 3271 61
281 3225 438 3298 postquam
458 3235 527 3296 ergo
548 3234 651 3278 omnes
667 3216 773 3277 hunam
789 3224 916 3278 mentem
932 3215 1040 3278 honam
1064 3235 1100 3277 ue
1114 3215 1302 3279 valitudinem

197 3300 252 3362 sibi
267 3309 418 3399 optarunt,
440 3302 617 3365 Trimalchio
637 3301 673 3363 ad
687 3301 804 3364 Nicerot
791 3310 850 3364 tem
865 3302 1037 3382 respexitet
1024 3293 1194 3363 t'solehas
1210 3303 1303 3384 inquit
1365 3341 1366 3348 ι

191 3377 321 3449 ‘suavius
341 3405 406 3450 esse
424 3388 454 3448 ιιι
476 3388 626 3462 convictu3
645 3387 746 3450 nescio
766 3387 834 3467 quid
849 3405 929 3448 nunc
942 3396 1021 3450 taces
1036 3405 1091 3448 nec
1105 3388 1218 3451 muttis
1249 3407 1301 3449 oro

194 3473 301 3546 tesia
319 3473 431 3535 felicem
453 3491 500 3533 me
514 3474 621 3548 videas,
640 3491 725 3576 parra
740 3472 809 3534 illud
815 3473 903 3576 quod
918 3473 970 3534 tihi
987 3492 1043 3535 usu
1059 3465 1152 3534 venit’
1182 3473 1302 3536 Niceros

195 3558 353 3620 delectatus
370 3557 535 3620 affabilitate
550 3557 634 3620 amici
664 3577 752 3619 omne
766 3549 825 3618 me'
842 3558 935 3638 inquit
946 3549 1075 3621 lucrum
1089 3565 1229 3632 nauseat,
1245 3559 1302 3620 nisi

194 3644 253 3705 iam
270 3644 381 3706 dudum
404 3641 600 3741 gaudimonio
609 3643 737 3716 dissilio‚
754 3643 975 3723 quodtetalem
991 3644 1084 3705 videa.
1114 3643 1211 3724 itaque
1227 3644 1299 3706 hila·
1364 3701 1365 3706 ,

195 3729 238 3791 ria
253 3747 332 3791 mera
344 3730 412 3802 sint,
424 3728 580 3790 etsitimeo
592 3728 666 3790 istos
679 3728 880 3802 scholasticos,
892 3746 987 3790 neme
999 3729 1120 3791 rideant.
1143 3725 1301 3808 quiderit?

195 3815 322 3877 narrabo
337 3821 449 3888 tamem
433 3813 536 3920 quid
557 3814 635 3875 enim
651 3813 722 3874 mihi
737 3814 842 3890 aufert,
861 3814 911 3894 qui
929 3813 1025 3877 ridet?
1045 3814 1136 3876 satius
1151 3822 1197 3876 est
1211 3815 1300 3877 rideri

195 3917 284 3982 quam
299 3891 443 3964 derideri.
480 3899 552 3963 haec
566 3898 617 3964 uhi
634 3899 708 3986 dicta
724 3889 819 3974 aaut,
835 3897 922 3964 talem
936 3899 1063 3964 fabulam
1078 3917 1203 3964 exorsus
1220 3907 1277 3963 est:
