2728 4344
523 241 732 296 FRAGMENTA

572 591 676 654 XVIIII

152 711 344 775 Terentianus
358 711 484 774 Monotes
500 712 533 774 rie
547 715 662 774 metris:

312 797 464 859 Horatium
480 797 613 858 videmus

312 900 415 944 versus
430 881 542 944 tenoris
557 881 645 942 huius

312 985 457 1047 nusquam
472 967 586 1028 locasse
600 967 699 1046 Iuges,

313 1059 342 1114 at
357 1053 472 1114 Arbiter
488 1053 616 1115 disertus

204 1152 272 1204 2400
314 1137 396 1199 lihrIs
412 1137 474 1198 suis
488 1138 663 1218 frequentet.

312 1241 470 1302 agnoscere
485 1224 556 1285 haec
571 1221 712 1302 potestis,

313 1315 430 1368 contere
445 1327 518 1387 queo
533 1307 678 1369 solemus:

295 1382 515 1490 ‘Mernphitides
531 1393 690 1474 puellae

312 1477 403 1540 sacris
419 1479 506 1539 deum
520 1483 646 1573 paretes.

202 1577 270 1628 2405
313 1563 422 1624 tinctus
438 1562 646 1624 colorenootis

313 1667 402 1710 manu
416 1667 490 1729 puer
502 1638 634 1728 loquaci

571 1872 624 1934 XX

156 1991 344 2054 Terentianus
358 1991 484 2052 Moerus
500 1991 533 2052 de
547 1992 659 2052 metrizs

312 2095 391 2139 nunc
405 2076 522 2148 drvrsro
539 2093 626 2156 quarn
640 2074 811 2153 loquemur
827 2075 893 2136 edet
974 2139 976 2143 ,

205 2179 271 2230 2850
315 2171 443 2223 metrum
460 2179 517 2240 quo
533 2166 700 2222 memorent
713 2159 896 2221 Anacreonte

313 2248 412 2309 dulces
429 2245 636 2325 composuisse
651 2243 819 2306 cantilenas.

311 2334 369 2394 hoe
384 2330 539 2392 Petronius
553 2330 699 2391 invenitur
714 2348 799 2404 usus,

284 2487 290 2491 ,
312 2417 403 2478 Musis
420 2436 486 2477 cum
502 2415 623 2495 lyricum
639 2415 728 2494 refert
742 2414 866 2477 eundem

311 2501 504 2563 consonantia
519 2501 605 2562 verbe
620 2501 787 2575 cantinsse

202 2601 268 2652 2855
313 2593 342 2648 et
356 2586 455 2665 plures
471 2585 526 2647 alii
557 2586 608 2648 sed
624 2585 679 2647 iste
694 2603 797 2647 versus

298 2671 388 2776 ‘quali
405 2671 587 2751 compositus
602 2678 683 2731 tome
698 2671 753 2743 sit,
771 2671 864 2731 edam.

298 2748 449 2818 ‘iuverunt
452 2764 576 2859 segetes
591 2774 689 2817 meum
705 2717 857 2819 letiorem’.

299 2833 462 2904 ‘Iuverunt'
478 2861 510 2903 cn
533 2850 566 2902 ut
581 2841 667 2901 estid
685 2840 843 2902 hexamet'
807 2848 844 2901 trr
860 2874 901 2886 -

202 2941 265 2994 2861
311 2929 390 3007 quod
406 2933 497 2988 restet
503 2933 636 3030 segetes
652 2944 749 2987 meum
766 2917 916 3000 Iebornm’,

311 3013 367 3073 teIe
381 3019 426 3072 est
440 3029 493 3072 ceu
503 3003 624 3108 ‘triplici
639 3010 719 3072 vides
736 3017 768 3072 ut
783 3020 850 3072 ortu

310 3096 421 3159 Triviae
435 3104 549 3158 rotetur
564 3096 638 3174 Ignis

309 3181 479 3261 volucrique
493 3181 632 3242 Phoebus
648 3199 700 3241 axe

202 3280 268 3332 2805
311 3267 447 3347 rapidum
461 3273 592 3346 pererret
580 3255 724 3328 t'orhem

568 3489 634 3555 XXI

117 3628 121 3636 “
154 3605 304 3672 Diomedes
318 3613 350 3672 in
363 3619 425 3671 orte
439 3604 489 3670 III
498 3629 530 3691 p.
546 3609 655 3672 tutu:
676 3618 704 3672 82
722 3606 793 3672 illud
813 3609 883 3672 hinc
904 3617 949 3672 est
964 3631 1079 3674 commu
1095 3610 1173 3690 quod

76 3692 184 3755 Arbiter
198 3695 266 3757 fecit
280 3696 336 3800 the
547 3781 553 3794 1

310 3798 384 3842 nnus
399 3788 513 3843 recocto
528 3800 594 3842 uno

310 3865 503 3930 trementibus
517 3855 640 3928 IebeIIis’

128 3957 220 4003 Petronii
234 3959 312 4004 satirae
