2762 4344
219 206 240 266 4
692 179 848 255 rnraor'ru

220 375 382 420 canescere.
412 357 524 436 pictura
546 373 664 436 quoque
684 373 745 417 non
765 355 852 419 alium
873 355 981 418 exitum
997 354 1079 428 fecit,
1095 362 1165 433 post
1166 374 1253 461 quam
1269 357 1328 418 Αι-

219 443 387 524 gyptiorum
402 441 521 504 audacia
537 448 597 504 tam
612 459 735 520 magnae
749 441 819 503 artis
835 441 1084 540 compendiariam
1098 432 1226 506 invenit?

186 535 205 597 3
306 546 369 590 non
390 535 435 590 est
450 545 556 608 passus
572 526 776 606 Agamemnon
791 547 839 588 me
855 527 925 588 diut‘
905 535 963 588 trus
980 527 1185 589 declamarem
1201 528 1329 607 porticu

220 631 309 694 quam
333 614 449 694 ipsein
471 613 570 675 schola
592 613 758 686 sudaverat,
784 602 1329 692 sed‘aduleseens'inquit‘quoniam

219 717 387 762 sermonem
402 699 492 760 babes
506 716 568 760 non
586 697 693 777 publici
705 698 820 778 saporis
833 705 870 770 et,
887 699 966 778 quod
977 699 1161 762 rarissimum
1173 706 1226 770 est,
1244 718 1328 761 amas

218 785 327 847 bonam
342 792 480 860 mentem,
494 803 557 845 uon
570 782 712 845 fraudabo
727 790 756 846 te
771 790 832 845 arte
847 790 941 846 seere
942 804 966 846 ι
929 783 1111 845 toibil
1082 785 1222 847 mmirum
1234 785 1266 846 in
1279 786 1328 847 bis

219 871 473 933 exercitationibus
486 870 623 932 doctores
635 875 766 948 peccant,
783 869 832 949 qui
844 888 963 931 necesse
975 869 1084 932 babent
1072 878 1162 932 tcum
1173 871 1329 932 insanien-

219 957 297 1019 tibus
311 956 417 1019 furere.
446 974 513 1017 nam
529 954 727 1017 nisidirerint
747 974 820 1035 quae
840 955 1047 1017 adulescentuli
1065 956 1205 1035 probent,
1232 963 1266 1017 ut
1289 958 1330 1019 ait

219 1032 364 1117 Cicero‚‘
366 1033 465 1103 ‘soli
457 1059 488 1103 ιιι
508 1040 616 1112 sobolis
637 1031 858 1120 relinquentur''
860 1041 941 1102 .sic
958 1048 990 1101 ut
1005 1041 1064 1102 ficti
1078 1042 1243 1103 adulatores
1260 1061 1329 1104 enm

219 1146 307 1191 cenas
323 1127 444 1189 divitum
461 1133 586 1206 captant,
603 1126 675 1186 nibil
689 1126 771 1206 prius
787 1086 964 1188 meditantur
979 1145 1065 1205 quam
1081 1127 1110 1188 id
1127 1127 1205 1206 quod
1222 1147 1263 1208 pu
1263 1135 1329 1190 tant

220 1214 420 1293 gratissimum
446 1212 527 1294 audit
515 1211 628 1274 toribus
648 1211 727 1272 fore.
754 1229 808 1273 neo
828 1212 907 1273 enim
929 1212 1009 1273 aliter
1028 1213 1226 1292 impetrabunt
1247 1215 1330 1293 quod

219 1307 337 1379 petunt,
352 1297 409 1359 nisi
426 1299 567 1377 quasdam
583 1297 703 1359 insidias
720 1298 839 1359 auribus
854 1297 991 1359 fecerint:
1007 1298 1049 1358 sic
1064 1299 1247 1377 eloquentiae
1261 1318 1329 1361 ma-

219 1386 321 1465 gister,
343 1384 401 1445 nisi
420 1390 559 1463 tanquam
580 1384 709 1462 piscator
724 1402 787 1444 eam
803 1383 979 1463 imposuerit
993 1383 1087 1445 barnis
1103 1403 1215 1456 escam,
1238 1403 1329 1464 quam

219 1471 318 1532 scierit
337 1469 517 1549 appetituros
538 1487 603 1530 esse
622 1469 795 1547 pisciculos,
816 1468 879 1530 sine
899 1488 953 1548 spe
973 1470 1096 1549 praedae
1115 1470 1278 1532 morabitur
1295 1472 1327 1532 in

185 1561 204 1620 4
220 1555 353 1634 scopulo.
383 1553 451 1633 quid
468 1570 537 1631 ergo
553 1551 620 1614 est?
650 1562 785 1632 parentes
801 1554 1006 1633 obiurgatione
1020 1555 1100 1633 digni
1112 1563 1190 1627 sunt,
1207 1557 1257 1635 qui
1268 1575 1327 1618 no-

219 1640 283 1701 lunt
297 1639 404 1701 liberos
420 1657 493 1699 suos
509 1657 607 1700 severa
621 1638 682 1717 lege
697 1639 849 1717 proficere.
879 1641 1007 1718 primum
1023 1642 1100 1702 enim
1118 1641 1160 1702 sic
1174 1649 1208 1703 ut
1219 1644 1326 1716 omnia,

220 1744 289 1804 spes
310 1743 426 1805 quoque
447 1743 515 1786 suas
535 1723 687 1784 ambitioni
707 1725 826 1785 donant.
860 1725 964 1786 deinde
983 1744 1051 1787 oum
1072 1727 1107 1787 ad
1128 1734 1193 1788 vota
1215 1746 1327 1807 prope-

219 1818 298 1884 rant,
319 1810 407 1872 cruda
423 1810 519 1870 adbuc
533 1809 628 1871 studia
642 1810 672 1870 in
687 1809 786 1871 forum
808 1811 976 1890 propellunt
997 1818 1025 1873 et
1046 1812 1251 1891 eloquentiam,
1269 1833 1326 1892 qua

218 1897 291 1958 nibil
316 1915 382 1957 esse
407 1895 501 1956 maius
529 1896 717 1967 confitentur,
745 1896 842 1974 pneris
868 1896 995 1958 induunt
1013 1897 1109 1958 adbuc
1127 1899 1326 1961 nascentibus.

220 1981 298 2062 quod
315 1982 340 2042 si
351 1987 520 2060 paterentur
531 1979 666 2041 laborum
679 1981 786 2067 gradus
798 1981 869 2054 lieri,
886 1989 919 2042 nt
931 1982 1055 2044 studiosi
1070 1983 1189 2044 iuvenes
1201 1984 1327 2046 lectione

218 2085 317 2128 severa
336 2066 546 2144 irrigarentur,
568 2073 600 2126 ut
620 2067 779 2145 sapientiae
793 2069 957 2147 praeceptis
973 2069 1086 2129 animos
1103 2079 1327 2149 componerent,

217 2161 250 2215 ut
265 2153 349 2214 verba
365 2152 456 2214 atroci
471 2151 537 2212 stilo
554 2153 722 2225 effoderent,
737 2158 770 2213 ιιι
785 2152 862 2232 quod
879 2153 982 2214 vellent
996 2155 1103 2215 imitari
1119 2155 1168 2214 diu
1180 2156 1326 2230 audirent,

218 2283 309 2300 .....
321 2237 377 2298 sibi
388 2236 459 2297 nibil
471 2255 536 2298 esse
549 2237 746 2315 magnificum,
760 2238 838 2317 quod
851 2241 949 2317 pueris
961 2239 1100 2318 placeret:
1111 2239 1170 2301 iam
1183 2240 1325 2319 illagran-

218 2324 262 2384 dis
276 2323 369 2383 oratio
385 2321 505 2383 baberet
519 2322 677 2384 maiestatis
694 2342 764 2383 suae
779 2325 907 2402 pondus.
930 2341 1009 2385 nunc
1020 2327 1103 2404 pueri
1114 2326 1143 2385 in
1156 2326 1267 2387 scholis
1278 2328 1325 2388 lu-

219 2409 305 2480 dunt,
324 2408 442 2469 iuvenes
458 2407 591 2468 ridentur
604 2408 634 2467 in
649 2408 729 2481 foro,
750 2415 779 2468 et
795 2409 874 2487 quod
888 2415 1015 2489 utroque
1030 2411 1146 2489 turpius
1162 2420 1221 2484 est,
1243 2414 1323 2491 quod

217 2493 341 2572 quisque
360 2510 514 2571 perperam
534 2491 647 2564 didicit,
668 2493 698 2553 in
720 2501 869 2555 senectute
884 2495 1015 2556 confiteri
1038 2514 1098 2557 non
1113 2496 1182 2557 vult.
1213 2499 1263 2558 sed
1285 2516 1322 2558 ne
1375 2489 1376 2500 ’

217 2597 265 2640 me
276 2584 361 2656 putes
376 2577 560 2657 improbasse
574 2578 726 2640 schedium
741 2578 903 2640 Lucilianae
918 2580 1101 2656 humilitatis,
1124 2581 1201 2661 quod
1218 2584 1319 2655 sentio,

217 2664 323 2744 etipse
338 2663 467 2724 carmine
481 2660 630 2741 effingam:

403 2748 473 2809 artis
489 2767 604 2809 severae
619 2749 644 2808 si
660 2749 725 2828 quis
742 2758 819 2811 amat
833 2751 951 2812 ollactus

401 2839 589 2913 mentemque
603 2834 717 2914 magnis
732 2834 869 2914 applicat,
886 2837 969 2913 prius
985 2856 1083 2900 mores

401 2918 573 2997 frugalitatis
588 2919 651 2998 lege
667 2918 757 2999 poliat
771 2927 878 2983 exacta.

399 3022 455 3066 nec
470 3010 551 3066 curet
565 3005 623 3067 alto
639 3004 749 3084 regiam
763 3013 876 3068 trucem
891 3007 972 3069 vultu

401 3088 527 3152 cliensve
543 3109 631 3152 cenas
645 3091 840 3171 inpotentium
857 3099 965 3173 captet,

399 3193 455 3237 nec
468 3176 590 3255 perditis
605 3176 737 3239 addictus
753 3177 859 3239 obruat
872 3178 941 3239 vino

400 3260 509 3322 mentis
525 3261 666 3337 calorem3
681 3281 754 3324 neve
768 3262 889 3342 plausor
903 3264 934 3325 in
950 3281 1086 3326 scaenam

401 3346 502 3408 sedeat
516 3347 699 3428 redemptus,
714 3348 886 3410 histrioniae
902 3349 1043 3411 addictus.

357 3430 410 3492 sed
426 3430 486 3492 sive
501 3433 659 3512 armigerae
673 3434 770 3495 rident
785 3434 947 3496 Tritonidis
963 3452 1058 3509 arces,

282 3529 314 3582 ιο
357 3534 410 3577 seu
424 3515 655 3580 Lacedaemonio
670 3519 754 3581 tellus
770 3519 900 3582 habitata
909 3520 1021 3581 colono

356 3600 527 3663 Sirenumve
538 3602 657 3677 domus,
674 3604 722 3666 det
736 3605 849 3685 primos
864 3605 997 3668 versibus
1012 3623 1106 3668 annos

356 3686 578 3767 Maeoniumque
592 3688 671 3751 bibat
684 3690 760 3752 felici
775 3698 894 3770 pectore
907 3692 1030 3754 fontem.

355 3791 426 3834 mox
441 3780 470 3835 et
485 3772 636 3836 Socratico
652 3774 754 3854 plenus
770 3794 857 3856 grege
871 3776 968 3839 mittat
981 3778 1108 3840 habenas

355 3857 427 3921 liber
441 3865 470 3920 et
484 3859 610 3938 ingentis
625 3861 736 3941 quatiat
751 3861 953 3925 Demosthenis
969 3882 1058 3926 armo.
