2728 4344
217 247 257 311 80
689 247 845 303 ruruoun

216 401 329 464 derium
349 401 517 463 aestuantis.
547 403 689 483 quaedem
704 403 782 464 enirn
797 403 922 466 feminae
939 404 1076 466 sordibus
1093 406 1198 480 colent,
1219 425 1279 469 nee
1292 407 1323 467 li-

215 487 345 549 bidinem
360 487 507 548 concitant
519 488 576 550 nisi
592 497 641 550 aut
652 506 752 550 servos
764 488 890 551 viderint
901 497 951 552 aut
962 498 1090 552 statores
1100 491 1185 552 altius
1198 492 1322 554 cinctos

215 573 323 635 harena
337 572 408 634 alias
424 574 556 636 accendit
570 583 618 636 aut
632 575 769 654 perfusus
784 575 902 654 pulvere
917 577 1007 638 mulio
1022 584 1073 638 aut
1083 577 1189 639 histrio
1201 595 1323 639 scaenae

216 659 410 720 ostentatione
424 659 586 722 traductus.
616 679 651 720 ex
667 660 721 722 bao
734 669 805 721 nota
821 660 941 722 domina
956 669 1002 724 est
1016 681 1096 724 mea:
1111 681 1204 742 usque
1220 663 1261 724 ab
1277 683 1322 724 or-

216 744 330 806 chestra
347 744 425 806 llllll
439 746 563 807 transilit
577 753 605 806 et
619 746 649 806 in
664 765 698 806 ex
700 753 792 808 trema
809 747 893 826 plebe
896 747 1020 852 quaerit
1034 747 1114 827 quod
1130 741 1252 850 diligat’

302 831 398 909 itaque
419 830 550 892 oratione
569 830 756 892 blandissima
777 826 905 929 plenus
913 824 1000 912 rogo'
1020 832 1140 912 inquam
1160 825 1320 914 ‘numquid

215 915 272 986 illa,
289 934 363 995 quae
376 935 424 978 me
439 923 529 990 amat,
544 907 659 978 tuest
688 916 811 979 multum
828 917 892 979 risit
906 919 1007 979 ancilla
1024 927 1093 998 post
1107 926 1167 980 tam
1181 919 1320 998 frigidum

216 1001 333 1063 schema
353 1009 383 1062 et
396 994 496 1063 ‘'nolo
515 993 648 1082 inquit‘t
635 1001 688 1062 tibi
707 1011 766 1064 tam
788 1003 868 1064 valde
887 1004 1011 1150 placeas.
1042 1021 1096 1084 ego
1112 1005 1218 1066 adhuc
1241 1023 1319 1066 serra

215 1104 364 1166 nunqnam
386 1087 540 1161 succubui,
560 1106 615 1149 neo
634 1088 691 1148 boc
709 1088 748 1149 dii
764 1089 872 1156 sinant
894 1090 1192 1168 ntemplexnsrueos
1208 1090 1243 1151 in
1259 1109 1319 1151 cru·

216 1191 277 1233 oeni
295 1173 417 1234 mittam.
447 1173 573 1234 viderint
587 1181 750 1244 matronae,
766 1193 838 1253 quae
854 1175 1032 1254 flagellorum
1049 1175 1168 1255 vestigia
1184 1177 1318 1238 osculan-

215 1266 277 1334 tur,
296 1276 350 1362 ego
371 1258 484 1320 etiamsi
503 1259 603 1320 aneilla
617 1277 698 1333 surn,
719 1277 869 1339 nunquam
888 1269 987 1321 tamen
1007 1260 1063 1322 nisi
1085 1261 1114 1322 in
1134 1262 1318 1341 equestribus

216 1337 322 1405 sedeo.²
353 1344 452 1406 mirari
471 1345 604 1424 equidem
622 1352 682 1407 tam
699 1345 862 1406 discordem
878 1345 1028 1406 libidinem
1044 1347 1128 1426 coepi
1143 1354 1235 1427 atque
1251 1349 1319 1409 inter

215 1438 349 1492 monstra
374 1447 543 1504 numerare,
570 1431 648 1511 quod
675 1431 774 1492 ancilla
795 1431 914 1492 baberet
934 1439 1085 1493 matronae
1106 1433 1279 1512 snperbiam
1296 1441 1319 1493 et

215 1523 349 1577 matrona
364 1515 483 1577 ancillae
497 1515 698 1578 humilitatem.

300 1601 527 1680 procedentibus
542 1602 646 1662 deinde
659 1601 776 1680 longius
791 1601 864 1663 iocis
879 1602 977 1680 rogavi
992 1602 1141 1676 ancillam,
1162 1609 1196 1664 ιιι
1210 1604 1245 1666 in
1260 1604 1317 1683 pla·

215 1693 323 1747 moena
340 1687 511 1766 perduceret
525 1687 685 1748 dominam.
716 1687 823 1766 placuit
837 1687 947 1767 puellae
959 1689 1124 1750 consilinm.
1148 1689 1251 1769 itaque
1263 1688 1317 1749 col-

215 1771 283 1851 legit
297 1770 383 1834 altius
398 1771 533 1852 tunicam
545 1770 680 1851 flexitque
696 1791 728 1832 se
744 1771 774 1832 in
789 1789 855 1833 eum
871 1773 1042 1853 daphnona,
1063 1774 1112 1854 qui
1128 1772 1316 1836 ambulationi

215 1856 361 1919 haerebat
390 1875 443 1918 neo
463 1857 512 1918 diu
532 1865 644 1919 morata
665 1856 813 1918 dominam
834 1859 971 1937 producit
995 1878 1011 1919 e
1036 1859 1155 1921 latebris
1181 1861 1317 1939 laterique

215 1961 283 2003 meo
302 1941 428 2023 applicat
445 1943 596 2004 mulierem
619 1943 757 2004 omnibns
779 1943 942 2005 simulacris
968 1944 1207 2006 emendatiorem.
1245 1945 1315 2008 nulla

215 2047 270 2089 vor
290 2036 337 2091 est
356 2047 430 2108 quae
450 2029 576 2090 formam
597 2029 659 2090 ains
679 2028 774 2108 possit
800 2029 1061 2108 comprehendere,
1086 2047 1156 2091 narn
1182 2029 1316 2111 quioquid

215 2114 328 2187 dixero,
349 2115 447 2176 minus
468 2115 532 2176 erit.
563 2113 658 2176 crines
679 2113 796 2194 ingenio
818 2133 873 2176 suo
889 2115 954 2177 llari
975 2123 1128 2195 portatos
1148 2135 1181 2178 se
1201 2134 1315 2180 umeros

189 2247 195 2285 ,¹
215 2201 390 2273 eliuderant,
409 2200 495 2262 lrons
509 2199 629 2262 minima
648 2207 678 2261 et
697 2219 770 2280 quae
784 2201 895 2262 radices
911 2201 1080 2281 capillomm
1096 2210 1176 2263 retro
1193 2202 1314 2272 deserat,

215 2285 369 2365 supercilia
387 2305 481 2366 usque
500 2284 536 2348 ad
554 2287 696 2348 malarum
712 2287 887 2365 scripturam
903 2287 1046 2348 currentia
1061 2294 1090 2349 et
1103 2305 1210 2348 rursus
1228 2289 1315 2350 conli-

214 2371 264 2431 nio
280 2371 423 2432 luminum
440 2389 531 2452 paene
547 2371 698 2452 permixta,
715 2371 789 2433 oouli
805 2372 940 2433 clariores
957 2372 1046 2434 stellis
1059 2380 1137 2434 extra
1151 2373 1252 2435 lunam
1265 2372 1313 2434 lul·

214 2457 362 2536 gentibue,
382 2475 467 2518 nares
489 2456 636 2536 paululum
657 2457 777 2518 iollexae
797 2464 825 2517 et
846 2458 977 2518 osculnm
994 2460 1076 2538 quale
1090 2458 1253 2521 Praxiteles
1269 2462 1313 2520 ba·

214 2541 283 2604 bere
298 2542 417 2604 Dianam
439 2542 569 2604 credidit.
599 2542 656 2602 iam
677 2549 823 2613 mentum,
842 2543 899 2603 iarn
920 2544 1027 2613 cervix,
1048 2543 1103 2604 iam
1120 2563 1244 2618 manus,
1265 2546 1312 2606 ian

217 2628 325 2707 pedum
342 2627 452 2689 candor
467 2628 542 2689 intra
558 2627 620 2687 auri
631 2627 736 2705 graeile
749 2627 897 2688 vinculum
910 2629 1041 2708 positos:
1058 2629 1175 2691 Parium
1190 2647 1312 2692 marmor

215 2714 384 2774 extinxerat.
414 2713 511 2791 itaque
525 2721 596 2774 tuno
610 2713 738 2792 primunr
754 2713 861 2774 Dorida
876 2721 958 2776 vetas
974 2723 1086 2776 amator
1102 2717 1267 2798 contempsi

316 2811 320 2816 ·
754 2809 775 2849 e

336 2885 404 2966 quid
419 2884 528 2946 facturn
544 2891 600 2957 est,
618 2884 698 2964 quod
713 2892 745 2946 to
760 2884 911 2964 proiectis,
927 2885 1070 2966 luppiter,
1086 2887 1176 2947 armis

379 2971 454 3032 inter
469 2969 617 3032 caelicolas
632 2970 728 3032 fabula
745 2979 823 3032 muta
839 2969 939 3033 taces?

337 3075 416 3118 nuno
431 3064 492 3118 erat
506 3076 522 3118 a
537 3064 618 3118 torva
634 3057 818 3118 summittere
833 3075 942 3119 cornua
956 3057 1069 3129 fronte,

379 3161 459 3205 nuno
473 3142 571 3222 pluma
588 3159 677 3203 canos
693 3141 876 3204 dissimulare
891 3151 968 3204 tuos.

336 3228 409 3290 liaeo
423 3246 489 3290 vera
504 3236 549 3289 est
564 3228 669 3289 Danae.
698 3235 808 3307 tempta
824 3229 913 3290 modo
928 3236 1046 3306 tangere
1061 3246 1183 3308 oorpm,

378 3315 434 3375 iam
451 3322 499 3375 tua
514 3313 688 3375 llammilero
705 3314 835 3375 membra
851 3314 946 3376 calore
961 3313 1053 3374 fluent

754 3414 776 3458 ιι

147 3485 206 3548 127
300 3481 436 3544 delectata
456 3485 502 3546 illa
525 3485 589 3546 risit
607 3493 665 3548 tam
686 3484 838 3555 blandum,
858 3491 891 3544 ut
905 3483 1050 3545 videretur
1064 3483 1135 3544 milri
1151 3453 1288 3585 plenum
1287 3498 1315 3541 os

215 3576 296 3630 extra
317 3567 423 3630 nubem
443 3569 511 3630 luna
531 3572 671 3671 proferre.
701 3589 770 3630 mox
793 3569 889 3648 digitis
910 3569 1140 3664 gubernantibus
1161 3587 1262 3630 vocem
1279 3559 1315 3626 ‘si

214 3673 274 3717 non
287 3644 413 3715 fastidis'
434 3653 527 3732 inquit
543 3645 695 3716 feminam
718 3663 849 3716 ornatam
871 3661 899 3714 et
918 3656 975 3716 boo
989 3654 1116 3734 primum
1133 3672 1210 3715 anno
1227 3654 1315 3715 virum

213 3749 375 3823 expertam,
391 3740 513 3801 coneilio
529 3740 589 3812 tibi,
606 3759 622 3799 o
640 3741 758 3814 iuvenis,
773 3758 917 3801 sororem.
943 3741 1033 3802 babes
1046 3749 1077 3801 tu
1090 3739 1207 3820 quidem
1220 3749 1249 3801 et
1261 3740 1315 3801 lra-

213 3836 299 3902 trem,
314 3846 408 3907 neque
423 3826 499 3888 enirn
516 3844 563 3886 me
580 3824 839 3905 piguitinqnirere3
855 3826 905 3886 sed
919 3825 986 3905 qrrid
999 3825 1135 3905 probibet
1145 3833 1174 3886 et
1184 3840 1315 3886 sororem

214 3910 377 3997 adoptare?
407 3913 510 3974 eodem
532 3910 623 3990 gradu
642 3909 737 3969 venio.
761 3918 794 3972 tu
808 3917 922 3971 tantum
939 3911 1057 3991 dignare
1071 3919 1100 3972 et
1114 3927 1213 3971 meum
1230 3929 1314 3972 oscu-
