2762 4344
198 247 237 310 16
668 242 823 295 rurnoun

128 447 131 452 .
194 398 328 480 gligeutia
346 395 520 479 nequissimi
535 396 618 457 servi.
648 396 821 460 vestimenta
835 415 900 459 mea
915 397 1058 459 cubitoria
1074 397 1211 478 perdidit,
1227 418 1306 478 quac

193 485 266 547 mihi
281 483 368 546 natali
381 502 449 545 meo
466 482 554 544 cliens
570 482 687 562 quidam
704 483 868 560 donaverat,
886 484 971 564 Tyria
986 483 1047 546 sine
1059 484 1159 558 dubio,
1175 485 1228 548 sed
1245 485 1305 547 iam

195 571 286 634 semel
299 570 369 632 lota.
399 569 467 650 quid
484 587 552 648 ergo
569 565 634 630 esti
661 569 741 630 dono
756 568 840 630 vobis
856 561 942 632 eum.²

137 658 175 721 31
280 655 397 735 obligati
417 663 477 716 tarn
497 655 598 734 grandi
613 653 753 716 beneficio
771 673 837 716 curn
851 655 1044 717 intrassemus
1059 655 1234 730 triclinium,
1251 676 1303 718 oc-

194 742 286 803 currit
299 742 385 803 uobis
400 741 447 802 ille
460 741 538 802 idem
554 759 664 814 servus,
680 759 735 821 pro
751 759 810 820 quo
826 760 1048 820 rogaveramus,
1069 749 1098 803 et
1113 742 1304 821 stupentibus

192 827 372 907 spississima
387 826 467 888 basia
481 826 603 931 impegit
613 828 718 906 gratias
730 845 819 906 agens
831 827 1005 889 humanitati
1016 835 1144 890 nostrae.
1168 829 1205 889 ad
1218 848 1304 890 sum-

192 933 273 976 mam
289 904 405 975 ‘statim
428 913 526 974 scietis
558 914 598 974 ait
608 903 672 974 ‘cui
688 913 824 976 dederitis
839 912 1023 976 beneficium.
1054 914 1156 976 vinum
1173 914 1305 976 domini-

192 1018 259 1064 cum
275 999 481 1062 ministratoris
497 998 588 1078 gratia
603 990 660 1061 est'

734 1094 755 1136 ii·

275 1171 394 1234 taudem
413 1189 483 1250 ergo
504 1169 705 1232 discubuimus
726 1169 823 1248 pueris
839 1169 1043 1232 Alexandrinis
1064 1189 1168 1250 aquam
1190 1170 1222 1233 in
1238 1191 1303 1234 ma·
1353 1181 1355 1256 p

190 1275 247 1320 nus
263 1258 391 1319 nivatam
407 1256 627 1318 infundentibus
644 1256 766 1334 aliisque
780 1256 1001 1336 insequentibus
1013 1257 1048 1318 ad
1061 1257 1151 1337 pedes
1164 1276 1198 1318 ac
1210 1277 1303 1337 paro·
1353 1267 1355 1324 l

190 1343 293 1424 nychia
307 1361 375 1404 cum
390 1343 501 1422 ingenti
516 1341 673 1403 subtilitate
687 1341 864 1403 tollentibus.
891 1361 924 1403 ac
938 1361 976 1404 ue
990 1343 1020 1402 iu
1035 1343 1093 1404 hoc
1107 1343 1226 1422 quidem
1241 1351 1302 1406 tam
1354 1331 1355 1404 i

190 1430 318 1492 molesto
329 1428 463 1492 tacebant
478 1429 585 1502 officio,
601 1428 653 1489 sed
666 1427 759 1489 obiter
770 1428 934 1491 cantabant.
958 1447 1012 1508 ego
1025 1429 1149 1508 experiri
1163 1430 1253 1502 volui,
1267 1449 1302 1492 an
1354 1409 1355 1474 l

189 1522 253 1576 tota
267 1515 373 1576 familia
393 1522 529 1578 cautaret.
558 1514 653 1593 itaque
668 1513 820 1594 potionem
842 1514 981 1594 poposci3
1001 1514 1207 1593 paratissimus
1229 1535 1303 1595 puer

190 1618 251 1662 uon
273 1599 371 1661 minus
391 1619 438 1660 me
459 1599 541 1661 acido
562 1599 674 1660 cantico
696 1599 816 1680 excepit.
853 1606 881 1659 et
899 1599 1032 1679 quisquis
1053 1599 1158 1679 aliquid
1179 1609 1301 1680 rogatus

190 1693 252 1748 erat
263 1694 295 1747 ut
309 1686 391 1746 daret
401 1730 480 1748 .....
492 1684 667 1765 pantomimi
678 1685 811 1759 chorum,
825 1702 886 1746 non
898 1686 988 1765 patris
1002 1686 1126 1747 familiae
1140 1687 1301 1749 triclinium

191 1772 333 1834 crederes.
363 1770 444 1832 allata
465 1777 509 1832 est
529 1771 648 1833 tandem
667 1770 793 1848 gustatio
814 1770 1005 1844 valdelauta;
1024 1772 1173 1833 narniam
1195 1792 1299 1834 omues
1354 1825 1355 1836 ,

190 1857 398 1920 discubuerant
418 1863 532 1936 praeter
550 1857 649 1936 ipsum
666 1855 928 1934 Trimalchionem,
950 1857 996 1918 cui
1015 1857 1098 1918 locus
1118 1875 1199 1919 novo
1217 1877 1299 1920 more
1354 1859 1355 1904 t

189 1943 304 2024 primus
320 1942 498 2004 servabatur.
529 1950 657 2004 ceterum
672 1942 749 2003 inter
760 1940 983 2021 promulsidaria
998 1943 1103 2004 asellus
1120 1951 1182 2005 erat
1193 1944 1294 2006 Coriu-

189 2029 269 2091 thius
285 2048 351 2092 cum
365 2029 492 2090 bisaccio
509 2028 640 2108 positus,
656 2028 705 2107 qui
721 2027 846 2090 habebat
861 2027 949 2090 olivas
966 2028 995 2088 iu
1011 2029 1097 2090 altera
1112 2037 1196 2108 parte
1213 2031 1299 2104 albas,

190 2115 220 2177 in
236 2117 323 2178 altera
337 2115 443 2194 nigras.
472 2115 609 2194 tegebant
623 2114 745 2175 asellum
761 2113 835 2176 duae
849 2113 957 2186 lances,
973 2113 1142 2193 inquorum
1158 2117 1300 2196 margini-

189 2199 245 2263 bus
259 2219 370 2263 nomeu
386 2200 610 2262 Trimalchionis
625 2199 799 2279 inscriptum
816 2207 878 2260 erat
892 2207 921 2260 et
935 2200 1046 2277 argenti
1061 2201 1190 2280 pondus.
1222 2221 1300 2282 pou·
1353 2241 1354 2268 r

189 2287 268 2348 ticoli
289 2288 375 2348 etiam
393 2285 579 2349 ferruminati
598 2286 782 2347 sustinebant
799 2285 885 2364 glires
905 2285 990 2346 melle
1004 2305 1038 2346 ac
1052 2305 1198 2366 papavere
1214 2307 1300 2368 spar-

191 2391 250 2434 sos.
279 2374 398 2434 fuerunt
417 2379 446 2433 et
458 2372 603 2436 tomacula
619 2391 708 2452 super
724 2371 888 2432 craticulam
904 2379 1071 2448 argenteam
1086 2372 1228 2435 ferventia
1243 2394 1301 2454 po·

191 2459 255 2533 sita,
272 2467 301 2520 et
314 2458 390 2519 iufra
404 2458 568 2519 craticulam
585 2457 701 2536 Syriaca
717 2474 811 2536 pruna
826 2475 892 2517 curu
910 2457 1007 2534 grauis
1023 2456 1127 2519 Punici
1141 2458 1220 2520 mali.

134 2547 174 2608 32
276 2544 306 2605 iu
327 2544 373 2605 his
389 2562 505 2604 eramus
524 2542 657 2616 lautitiis,
679 2561 744 2603 cum
764 2541 830 2621 ipse
844 2541 1019 2604 Trimalchio
1036 2544 1071 2604 ad
1088 2544 1298 2624 symphoniam

190 2629 293 2691 allatus
308 2637 354 2691 est
369 2629 543 2708 positusque
556 2629 631 2690 iuter
647 2626 796 2689 cervicalia
811 2627 1008 2689 minutissima
1023 2629 1168 2709 expressit
1183 2630 1299 2710 impru-

189 2714 327 2776 dentibus
347 2716 449 2780 risum.
484 2713 570 2793 pallio
597 2713 676 2774 enim
702 2712 839 2774 coccineo
866 2712 1003 2775 adrasum
1028 2714 1186 2777 incluserat
1212 2725 1300 2798 caput

189 2801 323 2881 circaque
339 2806 472 2863 oneratas
483 2807 563 2860 veste
579 2799 703 2861 cervices
718 2797 887 2860 laticlaviam
902 2798 1064 2862 immiserat
1078 2820 1220 2881 mappam
1232 2805 1301 2864 fim-

186 2885 259 2949 briis
274 2886 344 2950 hiuc
356 2894 443 2966 atque
458 2886 535 2946 illinc
549 2883 753 2964 pendentibus.
783 2883 907 2946 hahebat
921 2886 1008 2949 etiam
1022 2886 1053 2947 iu
1069 2887 1193 2948 minimo
1207 2889 1300 2967 digito

189 2974 324 3036 sinistrae
343 2990 448 3035 manus
468 2972 588 3033 anulum
609 2972 748 3050 grandem
767 2969 972 3046 subeuntum,
994 2979 1125 3033 extremo
1142 2992 1211 3034 vero
1228 2976 1301 3036 arti·
1351 2963 1352 2999 ³

188 3060 253 3122 culo
275 3059 356 3139 digiti
378 3058 526 3140 sequentis
545 3057 707 3131 minorem,
730 3064 762 3118 ut
777 3056 849 3118 mihi
869 3057 1033 3132 videbatur,
1051 3064 1148 3120 totum
1164 3077 1300 3136 aureum,

188 3146 241 3208 sed
266 3146 351 3225 plane
374 3145 477 3208 ferreis
499 3144 587 3205 veluti
613 3143 703 3204 stellis
724 3142 959 3204 ferruminatum.
998 3149 1026 3204 et
1046 3161 1085 3204 ue
1106 3145 1159 3206 has
1181 3153 1300 3208 tanturn

190 3231 357 3294 ostenderet
371 3230 500 3304 divitias,
522 3230 657 3291 deutmm
671 3228 790 3290 nudavit
803 3229 942 3291 lacertum
958 3227 1067 3291 armilla
1083 3248 1171 3292 aurea
1187 3233 1300 3294 cultum

131 3313 172 3376 33
188 3323 217 3378 et
242 3315 349 3379 eboreo
370 3317 477 3379 circulo
498 3314 607 3378 lamina
632 3313 805 3394 splendente
830 3333 983 3377 conexum.
1019 3321 1052 3376 ut
1074 3315 1181 3377 deinde
1205 3319 1299 3397 pinna

187 3408 325 3481 argentea
339 3403 440 3464 dentes
455 3401 593 3482 perfodit,
605 3391 719 3463 ‘amin'
732 3399 828 3479 iuquit
838 3390 983 3463 ‘nondum
998 3400 1071 3462 milri
1086 3421 1174 3464 suave
1189 3412 1254 3466 erat
1268 3405 1299 3465 iu

186 3488 345 3550 triclinium
366 3487 483 3562 venire,
510 3487 561 3550 sed
588 3505 625 3548 nc
646 3486 754 3548 diutius
776 3485 943 3548 absentivos
964 3504 1065 3549 morae
1083 3487 1167 3550 vobis
1188 3507 1298 3564 essem,

188 3593 308 3636 omnem
327 3574 504 3654 voluptatem
525 3572 598 3634 mihi
618 3573 728 3652 negavi.
764 3571 938 3652 permittetis
959 3579 1057 3634 tamur
1076 3573 1152 3635 finiri
1178 3567 1299 3638 lusum?

188 3660 363 3741 sequebatur
378 3678 450 3740 puer
466 3677 533 3720 oum
547 3657 645 3719 tabula
659 3657 854 3720 terebinthina
867 3665 897 3719 ct
907 3658 1079 3738 crystallinis
1091 3661 1223 3736 tesseris,
1239 3681 1297 3724 uo-

185 3747 300 3827 tsvique
314 3764 378 3808 rem
394 3745 526 3807 omnium
542 3743 787 3806 delicatissimam.
817 3763 872 3823 pro
888 3743 1003 3805 calculis
1018 3744 1096 3806 euim
1112 3745 1183 3807 albis
1200 3767 1235 3809 ac
1249 3748 1297 3810 ui·
1348 3757 1349 3845 p

186 3832 247 3911 gris
259 3851 365 3896 aureos
378 3838 591 3912 argenteosque
602 3829 879 3894 habebatdeuarios.
894 3829 1011 3891 iuterim
1020 3830 1088 3892 dum
1101 3831 1147 3892 ille
1160 3833 1296 3895 omnium

185 3924 332 3981 tortorum
358 3919 435 3982 dicta
460 3918 535 3979 inter
560 3916 660 3980 lusum
687 3915 848 3988 consumit,
881 3916 1065 3994 gustantibus
1090 3917 1186 3978 adbuc
1209 3919 1297 3982 uobis
