2762 4344
565 313 708 367 sarman
1148 319 1190 382 59

68 488 145 533 nam
159 471 230 532 sine
243 487 345 530 caussa
360 468 497 549 [quidem]
511 469 647 548 spiritum
658 477 796 550 tauquam
812 489 874 532 rem
887 489 1006 533 vacuam
1022 471 1192 552 impendere

68 577 108 618 ue
131 577 190 618 vos
220 555 339 634 quidem
360 555 494 616 existimo
517 555 594 615 velle.
630 557 735 630 videte,
755 557 896 635 numquid
916 558 975 618 hoc
994 558 1116 638 placeat:
1136 580 1189 640 ego

68 663 126 704 vos
150 641 279 702 induas
301 641 359 701 iam
382 641 472 719 pelles
493 640 635 701 coniciam
656 643 828 722 vinctosque
842 643 913 704 loris
928 645 1005 704 inter
1018 645 1190 710 vestimenta

68 747 128 808 pro
155 727 283 788 sarcinis
304 726 430 799 habebo,
452 727 559 805 apertis
581 725 689 788 scilicet
708 728 888 807 aliquatenus
911 727 1012 802 labris,
1036 730 1142 808 quibus
1162 742 1191 794 et

70 814 217 894 spiritum
234 811 365 891 recipere
381 811 503 890 possitis
520 819 549 873 et
564 812 672 872 cibum.
700 813 887 875 conclamabo
903 813 1008 875 deiude
1027 825 1114 878 nocte
1126 837 1190 880 ser·

70 919 126 960 vos
152 916 285 978 poenam
307 898 468 975 graviorem
490 898 626 958 timentes
646 899 855 979 praecipitasse
875 917 907 960 se
921 899 950 959 in
966 918 1055 961 mare.
1087 903 1191 966 deinde

72 1005 144 1046 cum
161 991 282 1044 ventum
298 983 430 1044 fueritin
447 991 581 1062 portum,
599 983 662 1044 siue
677 985 732 1046 ulla
749 983 913 1064 suspitione
929 1003 983 1063 pro
999 987 1122 1049 sarcinis
1138 1009 1190 1050 vos

77 1060 220 1131 elleram.²
243 1060 299 1130 ‘ita
311 1059 392 1130 vero’
408 1069 526 1146 inquam
540 1088 593 1147 ego
605 1059 755 1149 ‘tanquam
772 1071 883 1131 solidos
895 1060 1070 1149 alligaturas,
1084 1074 1189 1152 quibus
1209 1071 1211 1074 ’

78 1174 143 1216 nou
161 1155 258 1216 soleat
279 1162 379 1215 venter
397 1153 532 1214 iniuriam
553 1156 662 1227 lacere,
685 1174 722 1216 au
741 1164 879 1235 tanquam
894 1176 946 1217 eos
961 1157 1010 1236 qui
1027 1167 1191 1221 sternutare

75 1260 138 1302 nou
160 1241 310 1301 soleamus
326 1259 380 1300 uec
395 1247 525 1312 stertere,
542 1259 578 1301 an
595 1240 661 1319 quia
677 1242 734 1302 hoc
750 1260 842 1320 genus
856 1242 927 1303 furti
942 1245 1032 1305 semel
1047 1253 1129 1306 antea
1144 1247 1190 1307 le·

73 1327 170 1388 liciter
194 1323 308 1387 cessit?
335 1326 384 1386 sed
406 1326 483 1403 finge
502 1344 560 1387 una
583 1326 628 1386 die
649 1327 761 1388 vinctos
777 1346 867 1407 posse
883 1329 999 1389 durare:
1025 1331 1092 1410 quid
1109 1350 1188 1412 ergo,

72 1413 97 1473 si
115 1412 228 1474 diutius
245 1419 295 1472 aut
308 1411 501 1490 tranquillitas
517 1429 573 1472 nos
589 1414 715 1474 tenuerit
730 1421 780 1474 aut
790 1413 909 1474 adversa
921 1414 1103 1493 tempestas?
1119 1419 1188 1498 quid

71 1498 180 1560 tacturi
207 1494 336 1558 sumus?
365 1504 462 1557 vestes
483 1515 600 1576 quoque
623 1498 730 1560 diutius
754 1495 864 1560 vinctas
884 1517 956 1578 ruga
978 1503 1139 1577 consumit,
1159 1513 1188 1567 et

70 1592 169 1646 cartae
190 1583 320 1662 alligatae
336 1589 450 1643 mutant
464 1583 597 1661 figuram.
619 1583 736 1645 iuvenes
753 1585 847 1646 adhuc
857 1585 965 1648 laboris
978 1596 1109 1667 expertes
1125 1597 1186 1652 sta-

71 1679 194 1732 tuarum
210 1669 270 1730 ritu
284 1668 430 1748 patiemur
444 1687 560 1747 pannos
576 1677 606 1730 et
619 1661 749 1732 vincla?'

617 1765 639 1804 aa

155 1833 275 1902 ‘adhuc
298 1839 413 1919 aliquod
434 1840 489 1901 iter
509 1840 609 1903 salutis
629 1841 829 1920 quaerendum
849 1849 903 1905 est.
939 1844 1085 1925 inspicite,
1107 1850 1187 1927 quod

73 1947 125 2008 ego
138 1927 251 1988 inveni.
269 1926 433 2006 Eumolpus
444 1934 581 2006 tauquam
594 1915 753 1989 litte'rarum
766 1927 916 1991 studiosus
927 1931 1028 2010 utiquc
1040 1939 1187 1994 atramen-

75 2022 133 2075 tum
151 2013 252 2075 hahet.
283 2013 341 2072 hoc
360 2030 429 2090 ergo
445 2012 575 2072 remedio
592 2020 740 2074 mutemus
757 2014 869 2075 colores
886 2035 902 2076 a
918 2016 1027 2096 capillis
1042 2037 1136 2098 usque
1151 2021 1186 2080 ad

75 2117 199 2178 ungues.
237 2099 276 2158 ita
302 2093 537 2176 tanquam'servi
549 2099 715 2178 ,Aethiopes
735 2105 764 2159 et
782 2108 900 2178 praesto
919 2101 971 2162 tibi
994 2103 1103 2165 erimus
1123 2105 1187 2166 siue

72 2192 295 2245 tormentorum
316 2183 421 2244 iniuria
441 2183 563 2257 hilares,
584 2191 613 2244 et
628 2192 794 2263 permutato
811 2186 909 2246 colore
924 2186 1112 2268 imponemus
1128 2190 1187 2251 ini-

76 2263 180 2331 micis?
202 2260 359 2348 ‘quidni‘l'
379 2267 474 2348 inquit
488 2269 577 2330 Giton
589 2260 691 2330 ‘etiam
708 2271 881 2332 circumcide
895 2289 964 2346 nos,
983 2281 1016 2334 ut
1030 2274 1129 2337 ludaei
1142 2276 1186 2337 vi-

77 2357 206 2428 deamur,
222 2362 252 2415 et
267 2355 411 2433 pertunde
426 2373 521 2426 aureS,
537 2362 570 2415 ut
582 2356 732 2417 imitemur
745 2356 865 2430 Arabes,
882 2365 911 2419 et
921 2357 1030 2420 increta
1042 2360 1139 2436 facies,
1154 2369 1187 2424 ut

78 2459 148 2501 suos
173 2441 265 2502 Gallia
286 2439 362 2500 cives
381 2447 478 2519 putet:
506 2447 644 2519 tanquam
663 2441 712 2503 hic
732 2443 915 2504 solus'color
939 2445 1062 2524 figuram
1090 2447 1186 2527 possit

82 2533 242 2604 pervertere
262 2533 292 2586 et
310 2542 370 2586 non
389 2527 480 2588 multa
494 2544 552 2586 una
568 2533 704 2605 oporteat
719 2528 905 2591 consentiant
921 2533 959 2608 [et
973 2533 1044 2610 non]
1061 2534 1183 2606 ratione,

80 2611 310 2672 aotmendacium
332 2618 457 2672 constet.
487 2619 556 2690 puta
577 2613 714 2674 infectam
737 2614 930 2676 medicamine
949 2616 1052 2678 faciem
1074 2619 1183 2681 diutius

75 2698 181 2759 durare
201 2715 309 2777 posse;
337 2697 413 2776 fruge
437 2715 491 2758 nec
510 2716 601 2776 aquae
621 2699 804 2778 asperginem
828 2700 1034 2781 imposituram
1060 2705 1184 2784 aliquam

76 2785 193 2864 corpori
209 2782 363 2856 maculam,
375 2801 429 2844 nec
440 2792 549 2844 vestem
561 2792 725 2845 atramento
738 2786 939 2860 adhaesuram,
955 2789 1033 2868 quod
1045 2789 1184 2870 frequen-

75 2877 117 2929 ter
138 2868 229 2930 etiam
249 2887 312 2928 non
326 2869 467 2930 accersito
481 2869 643 2931 ferrumine
656 2870 797 2948 infigitur:
815 2891 880 2951 age,
903 2875 1045 2954 numquid
1062 2883 1091 2936 et
1105 2877 1184 2938 labra

73 2973 239 3034 possumus
262 2961 379 3015 tumore
394 2955 563 3017 taeterrimo
578 2954 722 3035 implere?
741 2957 883 3036 numquid
903 2966 932 3020 et
946 2959 1045 3021 ,crines
1066 2961 1183 3022 calami-

73 3051 133 3102 stro
151 3037 347 3102 converteret
377 3040 519 3120 numquid
536 3048 566 3102 et
579 3042 695 3102 frontes
712 3041 893 3116 cicatricibus
910 3043 1064 3105 scindere?
1093 3065 1184 3107 num-

73 3128 141 3205 quid
164 3133 194 3188 et
216 3143 300 3187 crura
321 3125 350 3186 in
366 3126 468 3187 orbem
484 3125 634 3205 pandere?
663 3129 808 3208 numquid
824 3137 852 3190 et
866 3130 939 3190 talos
955 3130 990 3190 ad
1006 3139 1114 3192 terram
1131 3133 1184 3194 de-

73 3209 202 3274 ducere?
232 3211 377 3290 numquid
392 3222 419 3272 et
428 3211 546 3273 barbam
559 3213 711 3292 peregrina
723 3213 836 3275 ratione
848 3213 995 3294 figurare?
1025 3216 1107 3278 color
1122 3225 1183 3280 arte

73 3297 260 3377 compositus
275 3295 406 3376 inquinat
423 3315 542 3376 corpus
558 3316 619 3359 uon
636 3307 737 3360 mutat.
768 3301 873 3374 audite,
889 3301 958 3381 quid
974 3302 1101 3364 dementi
1113 3322 1182 3365 suc-

73 3383 214 3444 currerit:
237 3383 429 3462 praeligemus
449 3384 578 3444 vestibus
606 3385 699 3464 capita
726 3392 754 3444 et
773 3403 829 3446 uos
850 3387 879 3446 in
900 3382 1081 3465 profundum
1104 3409 1182 3452 mer-

72 3461 193 3547 gamus.'
222 3461 272 3528 ‘ne
284 3467 362 3529 istud
378 3469 416 3528 dii
432 3468 627 3548 hominesque
638 3462 796 3550 patiantur'
811 3472 974 3552 Eumolpus
986 3475 1127 3536 exclamat
1137 3466 1251 3536 ‘ut103

71 3573 123 3615 vos
139 3563 201 3615 tam
219 3553 300 3632 turpi
316 3553 393 3614 exitu
408 3553 496 3614 vitam
512 3555 629 3616 liniatis
660 3556 752 3616 immo
769 3557 867 3637 potius
879 3559 973 3630 facite,
992 3561 1070 3640 quod
1082 3560 1179 3620 iubeo.

72 3639 292 3701 mercennarius
305 3657 398 3712 meus,
411 3647 443 3700 ut
455 3659 490 3700 ex
501 3641 640 3701 novacula
655 3643 850 3722 comperistis,
862 3651 967 3705 tonsor
979 3653 1037 3706 est:
1048 3645 1097 3706 hic
1108 3664 1180 3706 con-

72 3725 154 3786 tinuo
175 3725 261 3785 radat
280 3725 432 3802 utriusque
452 3744 513 3787 non
529 3726 625 3786 solum
641 3727 748 3806 capita,
770 3730 923 3791 sedetiam
939 3730 1101 3808 supercilia.
1131 3749 1179 3791 se-

72 3829 143 3890 quar
158 3830 213 3890 ego
228 3811 343 3870 frontes
359 3817 466 3870 notans
481 3811 675 3890 inscriptione
692 3813 809 3887 sollerti,
826 3824 858 3876 ut
873 3815 1027 3876 videamini
1043 3815 1180 3900 stigmate

72 3915 137 3957 esse
152 3893 257 3976 puniti.
289 3895 326 3955 ita
343 3896 460 3956 eaedem
472 3895 581 3992 litterae
593 3904 621 3956 et
632 3899 826 4002 suspitionem
840 3899 1024 3962 declinabunt
1035 3919 1178 3979 quaeren-

72 3981 144 4042 tium
161 3989 190 4043 et
204 3981 303 4043 utlttts
319 3981 428 4044 umbra.
439 3982 573 4062 supplicii
587 3989 694 4061 tegent.
