2728 4344
494 241 636 294 sarman
1076 243 1114 306 91

108 397 227 459 aniculae
243 395 373 476 quamvis
390 396 502 457 solutae
516 414 598 458 mern
610 397 773 458 aolibidine
784 402 891 470 essent,
906 396 1067 457 eandem
1042 415 1117 458 viam

44 490 132 544 ιιιιιιιι
149 490 175 543 ιι
192 501 246 562 per
265 483 375 561 aliquot
396 481 474 541 vicos
495 489 609 542 secutae
622 475 802 561 fugientem
809 481 921 578 prende
935 473 1041 542 turem’
1059 482 1116 542 ola-

45 576 113 628 mant.
143 568 218 629 evasi
243 574 342 628 tamen
370 566 507 658 omnihus
534 566 629 646 digitis
655 569 731 628 inter
753 566 939 646 praecipitem
961 566 1117 629 decursum

46 653 171 714 cruentatis

555 753 575 795 a

105 815 242 920 ‘Chrysis,
264 840 338 901 quae
356 823 487 920 priorem
501 821 652 882 fortunam
667 829 747 882 tuam
764 821 878 895 oderat,
897 820 974 881 hanc
990 820 1034 883 rel
1050 841 1117 886 curn

46 907 145 986 periculo
160 907 261 988 capitis
277 907 416 1020 persequi
433 897 572 968 destinat’

555 1005 574 1047 ιι

104 1067 178 1158 ‘quid
199 1079 268 1139 huic
286 1077 400 1138 formae
419 1083 469 1138 aut
483 1075 607 1137 Ariadne
627 1075 727 1137 habuit
746 1083 796 1138 aut
810 1076 886 1137 Leda
905 1074 1020 1137 simile?
1048 1077 1116 1155 quid

54 1170 126 1224 contra
138 1164 209 1224 hano
224 1163 344 1236 Helene,
360 1163 429 1242 quid
445 1161 541 1223 Venus
557 1159 681 1241 posset?
701 1161 766 1241 ipse
781 1162 873 1235 Paris,
889 1163 1006 1223 dearum
1019 1161 1117 1222 libidi-

47 1249 145 1308 nantium
163 1249 260 1322 iudex‚
283 1247 309 1309 si
329 1248 405 1310 hanc
424 1249 454 1308 in
474 1247 692 1327 comparatione
711 1247 831 1308 vidisset
845 1254 904 1307 tam
920 1246 1116 1326 petulantibus

48 1333 127 1406 oculis,
148 1341 174 1394 et
187 1333 317 1396 Helenen
338 1334 406 1395 huic
425 1332 566 1393 donasset
585 1339 614 1394 et
628 1333 705 1392 deas.
735 1332 838 1393 saltem
858 1332 882 1393 si
901 1331 1118 1411 permitteretur

48 1418 149 1478 osculum
163 1439 274 1500 capere,
292 1419 318 1480 si
333 1419 402 1480 illud
419 1418 540 1479 caeleste
555 1436 589 1478 ac
604 1417 732 1479 divinum
748 1425 850 1497 pectus
864 1417 1011 1496 amplecti:
1027 1417 1117 1479 torsi-

48 1505 82 1561 ιιι
96 1503 185 1566 rediret
206 1506 266 1566 hoo
287 1519 396 1585 corpus
417 1503 452 1564 ad
472 1502 548 1564 vires
569 1509 599 1564 ot
619 1502 826 1582 resipiscerent
845 1510 943 1582 partes
969 1503 1115 1577 veneficio,

49 1588 97 1645 cred
99 1607 111 1647 o
118 1591 250 1670 ,sopitae
281 1607 337 1651 nec
351 1609 398 1651 me
413 1587 605 1650 contumeliae
619 1588 741 1650 lassant:
762 1588 840 1668 quod
855 1587 1024 1650 verberatus
1040 1606 1116 1663 snm,

51 1673 131 1812 pesulo,
152 1676 227 1756 qnod
247 1675 359 1736 eiectus
379 1693 460 1747 sum,
486 1673 582 1735 lusum
602 1681 684 1753 puto
719 1673 809 1734 modo
829 1673 974 1735 redirem
995 1675 1116 1751 gratiam

58 1749 118 1817 rorat'

551 1852 572 1892 ιι

108 1935 193 1991 tomm
210 1931 358 2011 frequenti
377 1929 549 1991 tractatione
564 1929 659 1990 roxani
675 1929 784 1990 amoris
800 1929 856 1990 mei
873 1931 957 2008 quasi
972 1930 1116 2010 quandam
1127 1928 1186 1990 139

52 2005 167 2090 imaginem

551 2110 572 2150 ιι

212 2178 293 2249 ‘non
308 2186 405 2247 solnm
420 2203 468 2246 me
483 2202 592 2246 numen
608 2192 636 2245 ot
650 2183 832 2263 implacabile
846 2185 937 2246 tatum

175 2273 371 2352 persequitur.
403 2271 484 2350 prius
499 2269 616 2331 lnachia
632 2269 802 2348 Tirynthius
818 2269 859 2332 ira

176 2359 337 2437 exagitatus
353 2373 429 2418 onus
445 2355 513 2416 caeli
527 2356 603 2425 tulit,
619 2362 684 2415 ante
700 2355 853 2434 profanam

176 2443 321 2504 lunonem
337 2441 430 2502 Pelias
446 2441 550 2513 sensit,
566 2439 632 2501 tulit
645 2439 756 2501 inscius
772 2457 852 2500 arma

176 2528 360 2600 laomedon,
376 2525 484 2604 gemini
499 2525 612 2588 satiarit
625 2525 755 2587 numinis
771 2525 844 2585 iram
1017 2539 1032 2588 5

177 2613 325 2694 Telephus
340 2619 369 2672 et
382 2628 504 2691 regnum
521 2610 648 2690 Neptuni
663 2611 742 2708 pavit
757 2609 859 2671 Vlixes.

178 2717 223 2759 me
239 2716 358 2778 quoque
372 2715 425 2777 per
439 2706 547 2770 terras,
562 2715 615 2776 per
630 2714 694 2756 canu
687 2695 822 2756 Nereos
834 2711 946 2797 aequor

115 2805 119 2816 ·
177 2783 402 2864 Hellespontiaci
418 2781 549 2862 seqnitur
564 2781 657 2861 gravis
673 2780 716 2842 ira
730 2770 844 2861 Priapi’

552 2877 573 2918 ιι

114 2965 234 3049 quaerere
259 2973 276 3014 a
303 2951 351 3014 Git
339 2959 409 3014 tone
435 2971 501 3013 meo
529 2951 628 3031 coepi,
655 2967 726 3012 num
753 2949 857 3029 aliquis
880 2969 927 3010 mo
947 2948 1116 3028 quaesisset.

52 3011 137 3089 ‘'uenm
155 3035 241 3116 inquit
256 3029 369 3098 ‘hodie
401 3039 452 3099 sed
473 3037 611 3098 hesterno
633 3035 678 3095 die
699 3035 801 3097 mulier
822 3035 962 3114 quaedam
978 3033 1078 3095 haud
1070 3051 1117 3093 ιιι-

54 3109 125 3172 ι“ιιιι
119 3134 219 3182 nnuam
234 3123 357 3198 intravit,
373 3141 498 3220 cumque
513 3122 561 3182 diu
577 3119 691 3182 macrim
708 3128 787 3182 esset
801 3120 898 3181 locuta
914 3127 942 3180 et
957 3137 1003 3180 me
1018 3135 1116 3179 accer-

55 3191 95 3254 sito
111 3217 229 3268 sermone
247 3210 399 3282 lassasset,
418 3209 469 3270 ult'
449 3215 521 3270 trmo
542 3207 638 3286 coepit
657 3205 767 3280 dicere,
788 3213 816 3267 te
841 3222 948 3266 noxam
973 3204 1117 3266 meruisse
1193 3199 1197 3208 ’

55 3276 210 3369 daturumque
225 3294 340 3355 serviles
356 3312 475 3375 poenas,
491 3312 516 3353 su
509 3292 650 3353 ''laesus
642 3309 672 3352 ιιι
688 3291 813 3372 querella
828 3279 1056 3370 perseverassot'

550 3388 571 3427 ιι

117 3460 233 3522 nondum
250 3464 407 3542 querellam
423 3463 567 3538 finieram,
584 3481 649 3524 oum
648 3461 784 3565 Gurysis
798 3461 953 3522 intervenit
967 3460 1118 3540 amplexu-

55 3548 96 3607 lua
108 3541 266 3609 effusissimo
282 3568 329 3610 me
345 3549 451 3612 invasit
465 3556 494 3610 et
504 3541 605 3611 ‘teneo
617 3537 658 3608 to'
672 3546 767 3626 inquit
774 3539 905 3626 qualem
918 3563 1117 3626 speraveram:

57 3621 79 3675 lu
91 3620 240 3714 desiderium
255 3651 362 3708 meum,
378 3643 411 3696 tu
402 3635 556 3737 voluptas
568 3651 644 3706 mea,
660 3649 810 3712 nunquam
824 3632 908 3693 linies
922 3631 1018 3692 ιιιιιιι
1010 3647 1117 3709 agnem,

57 3700 98 3763 nisi
111 3715 233 3791 sanguine
246 3711 412 3782 extinxeris²

553 3815 574 3854 ιι

122 3894 186 3942 unus
200 3905 230 3946 ox
244 3882 361 3968 noviciis
378 3890 498 3951 servulis
516 3889 613 3950 subito
629 3887 754 3950 accurrit
769 3885 878 3946 etmihi
892 3882 1045 3945 dominum
1058 3883 1117 3946 ira·
