2762 4344
169 219 209 280 72
273 291 274 300 ἵ
643 212 800 266 Puruonu

169 371 225 434 sub
237 368 361 432 testibus
372 369 458 430 tides:
484 377 632 473 tamquam
644 369 670 432 si
682 370 776 450 placet
790 368 838 430 bic
849 367 986 448 impetus,
1002 369 1088 430 etiam
1101 369 1129 430 si
1138 369 1278 431 nondum

169 456 281 537 recepit
295 454 426 517 ultimam
441 472 561 517 manum

706 549 727 588 tr

102 619 161 681 119
309 615 422 686 ‘orbem
439 624 496 685 iam
512 630 607 686 totum
622 623 714 685 victor
729 623 879 686 Romanus
894 623 1032 698 habebat,

270 729 326 790 qua
338 729 432 783 mare,
449 728 505 788 qua
520 717 626 782 terrae,
643 728 697 788 qua
714 709 794 770 sidus
810 709 901 772 currit
914 717 1082 790 utrumque.

270 815 324 857 nec
339 796 460 856 satiatus
477 803 547 856 erat.
578 795 702 874 gravidis
717 795 790 856 lreta
806 796 890 874 pulsa
906 795 1012 856 carinis

270 882 325 942 iam
341 881 567 960 peragebantur;
584 880 609 942 si
625 880 689 959 quis
706 881 788 942 sinus
803 880 917 942 abditus
935 881 1039 952 altres

221 984 236 1033 5
271 967 296 1028 si
313 986 368 1045 qua
383 966 461 1028 foret
474 966 574 1039 tellus,
591 985 665 1045 quae
678 965 789 1028 fulvum
806 966 933 1028 mitteret
947 986 1064 1041 aurum,

270 1054 364 1114 hostis
380 1060 454 1126 erat,
470 1051 596 1131 fatisque
610 1052 640 1113 in
655 1051 749 1113 tristia
763 1052 834 1113 bella
849 1052 958 1131 paratis

270 1138 484 1217 quaerebantur
499 1155 580 1218 opes.
610 1155 672 1199 non
687 1137 773 1216 vulgo
789 1144 858 1199 nota
873 1137 1027 1216 placebant

207 1257 213 1260 ·
270 1223 381 1302 gandia,
397 1241 458 1283 non
474 1242 529 1284 usu
545 1223 659 1303 plebeio
675 1222 740 1284 trita
757 1224 899 1302 voluptas.

270 1328 319 1369 aes
333 1309 543 1388 Ephyreiacum
558 1308 693 1372 laudabat
706 1308 789 1370 miles
804 1309 835 1369 in
850 1307 942 1382 unda3

206 1409 236 1458 10
272 1395 420 1474 quaesitus
436 1395 536 1455 tellure
551 1396 630 1456 nitor
647 1400 804 1456 certaverat
818 1402 913 1468 ostr03

271 1479 342 1540 bine
356 1479 499 1550 Numidae
514 1488 666 1553 accusant,
681 1480 759 1541 illinc
772 1498 846 1542 nova
863 1479 966 1540 vellera
982 1478 1085 1552 Seres,

269 1572 357 1644 atque
372 1565 499 1625 Arabum
515 1567 643 1646 populus
659 1585 712 1628 sua
727 1565 939 1645 despoliaverat
953 1583 1027 1626 arva.

271 1669 337 1711 ecoe
353 1649 424 1710 aliae
440 1650 534 1712 clades
550 1658 579 1712 et
592 1651 686 1712 laesae
700 1652 817 1712 vulnera
833 1650 922 1730 pacis.

272 1734 420 1815 quaeritur
436 1735 465 1795 in
481 1735 561 1796 silvis
574 1755 644 1797 auro
660 1737 734 1808 fera,
751 1743 780 1796 et
793 1736 913 1798 ultimus
930 1735 1076 1798 Hammon

205 1835 236 1886 15
271 1820 408 1882 dirorum
425 1821 581 1895 excutitur,
596 1839 634 1882 ne
649 1821 725 1883 desit
739 1819 823 1882 belua
838 1820 923 1882 dente

273 1906 308 1967 ad
325 1913 435 1967 mortes
452 1907 593 1986 pretiosa;
608 1907 701 1968 fames
716 1906 824 1985 premit
838 1906 947 1968 advena
963 1905 1086 1979 classes,

270 1990 353 2070 tigris
369 1998 399 2052 et
413 1998 512 2052 aurata
528 1992 663 2070 gradiens
678 1999 807 2055 vectatur
821 1992 851 2052 in
867 1992 945 2065 aula,

273 2084 306 2138 ot
319 2076 399 2138 bibat
413 2077 575 2139 humanum
590 2078 701 2158 populo
716 2078 871 2158 plaudente
887 2095 1031 2140 eruorem.

271 2163 342 2237 beu,
358 2162 448 2242 pudet
462 2162 541 2224 ellari
556 2163 744 2244 perituraque
758 2164 884 2244 prodere
898 2165 971 2236 lata,

206 2263 239 2314 20
274 2248 433 2310 Persarum
449 2248 508 2310 ritu
523 2249 597 2311 male
612 2250 840 2329 pubescentibus
856 2249 941 2310 annis

272 2332 446 2414 subripuere
460 2333 539 2396 viros
555 2343 711 2414 erectaque
728 2335 836 2397 viscera
849 2335 930 2396 ferro

271 2420 301 2481 in
318 2438 451 2481 venerem
466 2419 593 2499 fregere3
609 2428 693 2500 atque
708 2427 741 2481 ut
754 2420 823 2499 fuga
838 2419 944 2481 nobilis
960 2418 1019 2480 aevi

272 2504 492 2583 circumscripta
507 2524 590 2566 mora
606 2513 799 2586 properantes
814 2505 928 2566 differat
942 2521 1051 2578 annos,

271 2593 384 2669 quaerit
397 2609 430 2650 se
445 2597 546 2652 natura
562 2608 616 2651 nec
631 2590 748 2652 invenit.
780 2589 916 2652 omnibus
932 2609 1001 2668 ergo

206 2689 238 2740 25
273 2683 371 2736 scorta
386 2675 501 2754 placent
513 2676 656 2755 fractique
671 2675 767 2737 enervi
782 2693 907 2755 corpore
921 2693 1041 2754 gressus

272 2767 302 2822 et
315 2759 372 2821 laxi
386 2760 481 2821 crines
498 2768 527 2822 et
540 2767 586 2822 tot
600 2779 675 2823 nova
689 2761 810 2822 nomina
825 2761 928 2835 vestis,

272 2864 405 2926 quaeque
421 2846 514 2908 virum
531 2855 685 2926 quaerunt.
716 2866 783 2910 ecee
796 2845 874 2908 Afris
890 2853 970 2908 eruta
985 2845 1071 2908 terris

272 2932 360 2993 citrea
374 2949 489 3007 mensa,
505 2951 605 3012 greges
617 2946 775 2996 ‘serrorum
791 2940 963 3013 ostrumque
978 2931 1115 2994 renidens

272 3018 392 3098 ponitur
406 3037 440 3080 ac
453 3018 574 3080 maculis
589 3019 720 3082 imitatur
733 3019 836 3082 vilibus
852 3037 955 3082 aurum

206 3115 238 3165 30
274 3121 348 3182 quae
362 3122 484 3165 sensum
500 3104 603 3166 trabat.
629 3106 688 3167 boc
702 3105 801 3166 sterile
816 3124 851 3166 ae
864 3104 939 3166 male
954 3102 1051 3165 nobile
1065 3103 1177 3180 lignum

271 3188 357 3250 turba
371 3189 483 3269 sepulta
499 3207 581 3250 mero
596 3189 811 3264 circumvenit,
828 3189 983 3268 omniaque
998 3187 1078 3249 orbis

272 3273 400 3352 praemia
417 3275 558 3354 correptis
574 3274 657 3337 miles
673 3293 762 3356 vagus
779 3275 887 3336 essurit
902 3273 1002 3336 armis.

272 3357 423 3434 ingeniosa
439 3361 503 3438 gula
518 3368 571 3422 est.
601 3361 698 3424 Siculo
715 3379 816 3423 scarus
832 3378 958 3440 aequore
973 3377 1090 3420 mersus

273 3441 308 3504 ad
324 3461 458 3504 mensam
474 3445 555 3507 vivus
572 3446 754 3527 perducitur,
768 3453 855 3527 atque
869 3444 1003 3508 Lucrinis

206 3539 238 3590 35
273 3535 354 3590 eruta
368 3527 504 3590 litoribus
520 3533 649 3594 vendunt
663 3531 812 3613 conchylia
829 3550 931 3603 cenas,

245 3623 249 3638 “
272 3623 306 3675 ut
319 3621 461 3676 renovent
475 3633 528 3694 per
543 3616 647 3678 (lamna
661 3619 779 3681 famem.
810 3617 868 3678 iam
883 3614 1028 3678 Phasidos
1043 3616 1120 3678 unda

273 3699 374 3762 orbata
388 3706 434 3761 est
448 3700 563 3775 avibus,
579 3708 720 3782 mutoque
735 3703 764 3764 in
779 3702 864 3764 litore
878 3709 992 3764 tantum

273 3786 351 3848 solae
366 3785 487 3848 desertis
503 3786 654 3867 adspirant
667 3788 821 3850 frondibus
837 3806 933 3851 aurae.

272 3890 328 3934 nec
341 3872 441 3936 minor
455 3872 486 3936 in
502 3891 605 3956 eampo
620 3873 705 3935 furor
720 3879 779 3946 est,
795 3873 944 3953 emptique
959 3871 1088 3946 Quirites
