2728 4344
667 283 817 338 canutus

682 439 804 503 XXXIII

391 545 496 608 Naidas
512 543 620 624 antiqui
636 543 822 622 Dryadasque
837 541 963 603 habuere
978 540 1090 622 Priapi,

434 637 469 692 et·
479 649 536 710 quo
553 635 631 692 teuta
647 628 693 689 dei
709 645 779 689 vena
795 627 918 700 subiret,
935 634 1004 688 erat.

392 735 473 779 nuuc
487 716 558 778 adeo
575 714 646 775 nihil
662 719 722 786 est,
738 713 809 774 adeo
826 733 889 774 mea
905 712 991 791 plena
1004 712 1093 774 libido
1109 719 1170 787 est,

432 809 466 862 ut
480 800 631 880 Nymphas
648 798 744 859 amnis
760 798 908 860 interiisse
923 805 1034 877 putem.

391 895 478 966 turpe
494 886 610 966 quidem
626 884 720 957 factu,
736 883 788 944 sed
803 902 840 944 ne
854 883 995 962 teutIgine
1010 902 1143 962 rumpat,

430 973 503 1034 falce
517 971 587 1033 mihi
603 969 699 1051 posita
714 969 763 1030 fiet
778 969 870 1030 amica
886 987 1000 1030 manua.

684 1140 816 1202 XXXIIII

391 1247 463 1308 Cum
479 1263 594 1306 sacrum
609 1245 691 1305 fieret
706 1243 760 1304 dec
778 1241 876 1315 salaci,

391 1332 533 1393 conducta
549 1337 594 1391 est
607 1329 701 1408 pretio
716 1328 810 1409 puella
825 1345 915 1407 parvo

392 1417 559 1478 communis
576 1415 646 1476 satis
663 1413 801 1474 omnibus
816 1413 929 1474 futura:

391 1521 464 1580 quae
481 1509 552 1581 quot
566 1507 652 1561 nacte
667 1499 745 1560 viros
761 1499 872 1579 peregit
885 1516 958 1570 una,

390 1593 435 1648 tot
450 1606 552 1666 verpas
567 1586 619 1646 tibi
634 1585 746 1645 dedicat
760 1583 896 1662 salignas

692 1754 794 1815 XXXV

378 1851 578 1932 dedicabam,
592 1858 654 1930 fur,
670 1857 775 1930 seme13
792 1856 932 1918 sedidem

350 1945 417 2004 ‚assi
432 1962 558 2024 prensus
573 1942 664 2004 fueris
677 1943 736 2014 bis,
752 1943 912 2004 irmmabc.

393 2030 471 2109 quod
489 2029 513 2089 si
528 2028 610 2091 tertia
625 2029 702 2089 furta
718 2027 862 2101 molieris,

390 2125 423 2177 ut
437 2134 561 2193 poenam
577 2114 686 2194 patiare
701 2121 729 2174 et
743 2113 818 2173 hauc
834 2119 863 2174 et
878 2112 969 2183 illam,

391 2200 572 2280 pedicaberis
588 2198 841 2277 irrumaberisque.

616 2337 618 2344 ’
685 2369 802 2430 xxxvi

392 2472 483 2533 Notas
500 2471 642 2532 habemus
658 2471 782 2549 quisque
797 2471 931 2550 corporis
946 2471 1073 2531 formas:
1112 2484 1120 2490 ’

391 2557 528 2617 Phoebus
545 2574 698 2628 comosus,
715 2555 852 2616 Hercules
869 2556 1043 2630 lacertosus;
1123 2560 1126 2566 ’

390 2642 479 2702 trahit
494 2641 615 2718 figuram
631 2640 749 2718 virginis
764 2647 847 2701 tener
862 2641 1007 2710 Bacchum

391 2726 517 2786 Minerva
533 2724 607 2784 flavo
623 2725 733 2785 lumine
748 2732 807 2796 est,
823 2725 921 2786 Venus
937 2733 1037 2805 paeto,

391 2811 489 2870 fronte
505 2809 624 2870 crinitus
640 2811 766 2883 Arcadas
782 2810 860 2870 vides
876 2811 1007 2882 Faunos,

391 2896 478 2956 habet
493 2896 627 2956 decentes
644 2895 764 2957 nuntius
781 2897 866 2957 deum
883 2896 1013 2974 plantas;

391 2981 479 3042 tutela
494 2981 595 3041 Lemni
612 2981 744 3060 dispares
761 2990 859 3042 movet
874 2999 1009 3059 gressus,

391 3067 508 3127 intonsa
524 3085 640 3144 semper
655 3066 827 3144 Aesculapio
844 3066 932 3127 barha
949 3074 1006 3140 est;

292 3187 297 3220 ·.
391 3170 478 3212 nemo
495 3158 540 3211 est
552 3151 642 3212 feroci
658 3151 842 3230 pectorosior
856 3151 961 3211 Marte:

393 3237 472 3315 quod
490 3237 514 3297 si
530 3235 594 3314 quis
611 3236 687 3296 inter
701 3237 773 3296 haee
787 3235 869 3297 lucus
885 3235 955 3296 mihi
971 3241 1075 3308 restat,

392 3321 464 3381 deus
480 3320 587 3400 Priapo
604 3321 790 3383 mentuiatior
804 3339 865 3382 uon
881 3328 937 3382 est.

677 3490 807 3552 XXXVII

285 3611 309 3649 τε
391 3592 449 3652 Cur
463 3591 574 3672 pictum
589 3592 714 3654 memori
729 3594 768 3654 sit
782 3592 813 3653 in
827 3592 929 3654 tabella

391 3678 572 3750 membrum,
588 3678 743 3756 quaeritis,
757 3679 836 3739 uude
851 3674 1064 3756 procreamur?

393 3781 459 3824 cum
476 3763 558 3841 penis
575 3761 647 3823 mihi
661 3763 736 3823 forte
752 3763 847 3823 laesus
864 3768 943 3822 esset

392 3847 578 3925 chirurgique
593 3864 712 3906 manum
729 3847 819 3906 miser
833 3847 982 3919 timerem,

310 3949 325 4000 t
395 3931 440 3994 dis
456 3951 503 3993 me
516 3929 652 4010 legitimis
667 3929 812 4008 nimisque
825 3929 952 4008 magnis,
