2728 4344
579 233 791 292 FRAGMENTA

220 413 234 462 5
276 395 341 474 ipsa
358 392 421 455 dies
436 393 503 453 ideo
519 411 575 454 nos
591 400 673 471 grato
688 393 795 472 perluit
809 393 931 467 haustu,

316 479 395 559 quod
410 478 584 559 permutatis
599 480 673 540 hora
688 479 812 540 recurrit
827 479 908 558 equis

597 652 754 716 XXXIIII*

273 774 348 820 uxor
362 755 508 836 legitimus
525 756 610 816 debet
625 757 709 834 quasi
725 773 830 817 census
845 757 950 818 amari:

316 861 372 902 nec
388 859 507 904 censum
523 841 624 903 vellem
641 860 759 922 semper
774 860 869 903 amare
884 860 983 903 meum

596 1015 722 1078 XXXV*

275 1118 401 1180 inveniat
416 1119 495 1198 quod
511 1117 634 1199 quisquc
649 1119 723 1181 velit.
753 1136 813 1180 non
831 1118 968 1180 omnibus
984 1137 1078 1181 unum
1093 1128 1139 1181 est

317 1205 396 1283 quod
411 1204 512 1285 placet.
543 1204 591 1265 hic
606 1204 706 1283 spinas
722 1204 844 1285 colligit,
860 1203 906 1265 ille
921 1223 1004 1266 rosas

597 1387 734 1451 XXXVI*

273 1508 342 1552 narn
356 1488 428 1551 nihil
444 1497 489 1552 est
504 1490 585 1569 quod
599 1508 661 1552 non
678 1489 848 1552 mortalibus
865 1487 976 1552 adierat
990 1508 1091 1552 usum:
1138 1485 1139 1490 ’

316 1575 406 1638 rebus
422 1576 453 1636 in
468 1575 613 1649 adversiS,
628 1595 701 1655 quae
717 1576 843 1648 iacuere,
859 1576 968 1636 iuvant.
1161 1580 1164 1591 '

275 1660 317 1723 sic
332 1668 392 1722 rate
407 1661 541 1722 demersa
555 1660 666 1721 fulvum
683 1661 866 1740 deponderat
881 1679 1002 1732 aurum,

316 1763 466 1807 remorum
482 1745 580 1807 levitas
595 1746 735 1823 naufraga
750 1746 883 1806 membra
900 1743 986 1806 vehit.

278 1849 345 1893 oum
361 1848 489 1892 sonuere
503 1830 601 1905 tubae,
616 1831 716 1909 iugulo
733 1837 791 1892 stat
805 1829 891 1892 divite
905 1831 1030 1902 ferrum,

316 1914 438 1977 barbara
454 1923 604 1980 contemtu
619 1916 730 1998 proella
745 1933 861 1999 pannus
877 1915 965 1980 habet

597 2099 750 2161 XXXVII*

273 2201 373 2280 lInqne
387 2209 451 2263 tuas
467 2201 553 2263 sedes
569 2202 717 2282 alienaque
731 2203 816 2265 litora
832 2222 950 2282 quaere,

276 2305 294 2346 o
310 2286 436 2348 iuvenis:
452 2288 545 2349 maior
560 2305 659 2348 rerum
675 2287 728 2349 tibi
743 2288 874 2349 nascitur
889 2289 973 2349 ordo.

274 2388 313 2431 ne
328 2372 486 2433 succumbe
501 2371 594 2440 malis.
624 2382 653 2434 te
667 2371 781 2435 noverit
795 2372 914 2434 ultimus
930 2372 1017 2444 Ister,

274 2464 304 2517 te
317 2457 426 2518 boreas
442 2457 552 2536 gelidus
568 2476 728 2538 securaque
742 2475 831 2536 regna
847 2458 971 2537 Canopi,

277 2540 384 2620 quique
399 2549 599 2604 renascentem
615 2543 768 2604 Phoebum
785 2552 964 2622 cernuntque
978 2541 1137 2604 iacentem:

275 2627 371 2688 maior
386 2627 416 2688 In
431 2635 566 2689 externas
581 2629 696 2689 ithacus
712 2629 869 2690 descendat
883 2646 987 2690 arenas

599 2809 766 2873 XXXVIII*

274 2914 333 2974 iam
348 2929 428 2974 nuno
444 2912 576 2974 ardentes
593 2918 752 2973 autumnus
767 2912 894 2990 fregerat
909 2912 1040 2983 umbras,

276 3005 362 3078 atque
372 2997 499 3058 hiemem
515 2996 620 3076 tepidis
637 2996 786 3075 spectabat
800 2997 938 3058 Phoebus
954 2995 1089 3058 habenis:

276 3083 332 3144 iam
348 3082 482 3163 platanus
498 3082 603 3145 iactare
617 3101 731 3156 comas,
747 3081 804 3143 iam
821 3089 959 3162 coeperat
973 3099 1043 3142 uvas

276 3169 468 3229 adnumerare
483 3184 551 3229 suas
568 3167 679 3229 deiecto
695 3166 813 3246 palmite
828 3167 910 3228 vitis:

279 3262 345 3314 ante
361 3253 463 3314 oeulos
479 3252 573 3316 stabat
588 3252 725 3332 quicquid
740 3253 918 3330 promiserat
932 3263 1027 3312 annus

600 3433 778 3497 XXXVIIII*

279 3539 320 3600 sic
334 3545 363 3600 et
378 3537 512 3599 membra
529 3537 624 3598 solent
640 3555 724 3599 auras
740 3536 887 3597 includere
901 3537 997 3609 venie,

279 3643 351 3704 quae
366 3623 483 3703 penitus
498 3641 626 3694 mersae,
644 3640 709 3683 cum
726 3639 829 3682 rursus
846 3622 925 3683 ablre
939 3622 1085 3691 laborant,

279 3709 447 3770 verberibus
462 3707 605 3769 rimantur
619 3707 682 3768 iter.
713 3725 767 3769 neo
782 3705 890 3768 desinit
904 3713 970 3767 ante

281 3793 402 3873 frigidus
419 3793 565 3855 adstrictis
581 3791 631 3871 qui
646 3799 748 3871 regnat
761 3791 792 3851 in
808 3791 926 3852 ossibus
942 3790 1061 3862 horror,

227 3889 242 3940 t
283 3897 369 3959 quarn
384 3878 500 3958 tepidus
515 3878 580 3941 laxo
595 3877 723 3944 manavit
737 3894 861 3955 corpore
877 3875 968 3968 sudor
