2728 4344
663 255 813 310 mulne
845 251 850 260 '

396 448 438 487 ,u
453 430 534 480 exue
548 411 773 506 minderens
787 410 882 484 hiatu,

398 523 508 563 rusam
523 515 622 562 urar
633 503 779 558 eminente
793 514 883 572 naso,

343 623 354 652 r
400 620 422 649 ιι
436 583 696 662 eafflsspIfflvll
710 572 847 644 (JSIXIIOE'I-³

699 767 764 828 XIII

390 871 557 939 i‘raeudsre
569 889 656 954 puer,
671 888 794 931 moneo:
810 855 924 933 Intuere
937 873 1045 950 puelia:

433 957 578 1026 muudum
592 956 686 1018 Iurem
701 955 784 1016 tertia
798 974 894 1037 poena
908 966 1014 1020 manet:

387 1251 449 1313 idue
464 1247 535 1313 nuc,
549 1242 682 1326 quisquis
697 1263 742 1318 es,
758 1243 787 1304 in
803 1243 848 1304 dei
864 1245 966 1308 salecis

386 1333 492 1398 measti
505 1349 589 1414 graue
603 1347 642 1390 ne
655 1336 726 1407 puta
742 1330 888 1392 sacellum.

385 1436 413 1481 ot
428 1419 451 1480 d
468 1423 553 1483 nocio
566 1413 621 1476 tuit
635 1413 729 1493 puella
744 1421 855 1487 meum,

385 1507 442 1570 noo
454 1521 487 1568 re
499 1499 578 1584 quod
593 1505 706 1560 metuas
722 1498 814 1573 adire,
829 1517 888 1560 non
905 1507 958 1562 est.

337 1622 354 1656 ,ι
387 1603 462 1656 istuc
476 1584 622 1652 continuus
638 1582 859 1645 daturseveris:

384 1693 441 1740 nm
456 1689 564 1754 cappae
579 1685 682 1730 sumus
698 1675 727 1728 et
741 1669 845 1747 pusiIIa
861 1669 929 1731 culti

383 1759 461 1828 rou
474 1754 608 1825 numine,
623 1771 680 1813 nos
692 1752 806 1832 pudore
820 1755 907 1833 pulso

384 1857 496 1913 smus
510 1839 566 1904 sub
580 1840 647 1899 Iove
664 1837 753 1899 coleis
768 1839 885 1917 apertis.

384 1947 454 2012 «po
468 1924 586 2076 puilihet
599 1923 658 1983 huc
671 1922 767 1983 licebit
781 1923 870 1984 intret

322 2033 352 2092 to
384 2013 465 2098 &tu
492 2009 599 2076 ornicis
615 2007 721 2069 obiitus
735 2008 837 2070 favilla.

696 2197 744 2258 XV

384 2299 549 2371 Ifuurmisso
565 2297 636 2359 mihi
651 2298 796 2360 nonsatis
813 2299 964 2361 modestas

382 2387 545 2476 uuiouuque
559 2383 685 2445 attulerit
700 2403 805 2446 manus
821 2384 929 2462 agelio,

383 2475 408 2542 Is
424 2489 470 2538 uto
485 2471 591 2532 sentiet
605 2487 670 2530 esse
684 2487 744 2530 non
760 2469 931 2549 spadonem.

382 2559 457 2626 nificat
472 2555 594 2618 forsitan
609 2554 681 2615 haec
696 2554 750 2614 sibi
766 2555 845 2632 Ipse:
857 2547 962 2615 ‘nemo

333 2673 349 2722 p
382 2643 428 2712 itio
443 2641 515 2706 iuter
529 2639 648 2700 frutices
662 2639 728 2698 loco
744 2646 858 2700 remoto

381 2725 543 2818 posseisum
560 2722 633 2784 sciet
646 2743 711 2785 esse
722 2713 793 2797 me',
809 2723 861 2785 sed
877 2730 968 2787 errat:

380 2809 492 2896 ntupum
507 2809 630 2872 testibus
646 2810 701 2871 ista
716 2827 765 2870 res
781 2816 890 2887 agetur.

691 2994 756 3059 XVI

381 3093 520 3182 orations
537 3091 739 3174 Hippomenes
755 3094 851 3173 rapuit
865 3093 1045 3157 Schoeneida
1059 3097 1175 3178 pomis,

441 3179 553 3248 ustibus
566 3179 760 3259 Hesperidum
777 3178 884 3242 nohilis
900 3180 1004 3243 hortus
1021 3190 1096 3260 eret,

378 3203 470 3360 qtrIIin
485 3263 620 3329 credibile
635 3271 680 3325 est
694 3264 869 3343 spatIantem
885 3285 953 3328 rure
968 3273 1091 3346 paterno

420 3349 590 3422 Nuusicaam
606 3349 691 3428 pleno
708 3367 795 3428 saepe
810 3350 912 3413 tulisse
927 3351 1008 3427 sinu,

331 3465 346 3520 n
380 3441 464 3530 qualo
479 3435 532 3502 Iuit
545 3433 654 3496 melum
670 3434 748 3515 quod
763 3435 856 3498 littera
871 3437 965 3516 pinxit
978 3437 1098 3512 domu,

420 3543 475 3612 qus
488 3523 560 3586 lecta
575 3519 682 3600 cupido
697 3527 780 3600 pacta
795 3520 887 3600 puella
902 3523 964 3582 viro
980 3529 1037 3582 est:

380 3613 444 3682 utto
458 3625 536 3676 nunc
550 3623 662 3686 pauper
676 3605 813 3667 domInus
827 3605 963 3667 florentis
979 3606 1061 3686 agelli

421 3693 560 3782 Imposuit
574 3706 706 3764 mensae,
722 3691 801 3752 nude
815 3689 933 3771 Priape,
948 3698 1022 3754 tuae.
