2762 4344
594 263 734 318 strlulu
1178 260 1215 320 il

660 430 679 472 tlt

195 509 353 581 operuerat
363 501 496 581 Ascyltos
512 500 598 580 pallio
611 509 706 580 caput
720 502 888 564 admonitus
901 501 1011 564 scilieet
1021 499 1218 580 periculosum

105 607 173 648 esse
188 587 290 648 alienis
305 588 481 648 intervenire
496 587 616 648 secretis

659 672 679 714 ae

193 745 268 804 duas
288 743 404 804 institas
427 743 528 806 ancilla
549 742 671 823 protulit
691 747 727 806 de
745 744 812 806 sinu
833 745 977 824 alteraque
990 746 1081 825 pedes
1097 753 1217 808 nostros

102 829 242 910 alligavit,
259 829 347 890 altera
363 847 468 891 manus
659 912 679 956 *

191 985 356 1068 Ascyltos'
349 1006 406 1047 ram
422 987 555 1048 deficient
544 996 571 1048 te
586 987 749 1048 fabulamur
767 995 902 1050 contextu
915 979 1000 1066 ‘quid
1022 980 1104 1066 ergo'
1124 988 1220 1068 inquit

99 1066 177 1134 nou
199 1092 266 1134 sum
268 1072 391 1175 dignus
416 1073 464 1152 qui
486 1063 619 1140 bibam‘l’
645 1071 785 1134 ancilla
762 1092 825 1134 risu
843 1092 909 1134 meo
927 1072 1043 1152 prodita
1060 1074 1220 1152 complosit

11 1171 13 1180 ’
105 1148 277 1220 manuset‘
279 1157 405 1262 apposui
423 1158 582 1261 quidem..
598 1158 805 1232 &adulescens
818 1159 898 1220 solus
911 1167 1007 1220 tamen
1022 1158 1217 1220 medicamen-

103 1253 167 1306 tum
184 1235 321 1304 ebibisti?
339 1237 432 1306 ‘itane
444 1236 524 1306 estl'
539 1244 633 1324 inquit
645 1244 783 1318 Quartilla
796 1235 945 1324 ‘quicquid
957 1244 1055 1326 satyrii
1071 1243 1139 1318 luit,
1156 1245 1217 1306 Ειι-

104 1330 220 1412 colpius
237 1320 366 1391 ebibit?
658 1411 678 1454 ἧς

193 1487 254 1530 non
270 1469 415 1531 indecenti
431 1466 493 1529 risu
509 1469 597 1529 latera
614 1467 774 1531 commovit

194 1646 226 1688 ac
240 1643 279 1687 ne
293 1625 383 1686 Giton
399 1625 517 1704 quidem
533 1626 636 1686 ultimo
652 1564 745 1686 iisurn
760 1624 863 1699 tenuit,
879 1625 978 1705 utique
989 1633 1146 1706 postquam
1158 1626 1218 1688 vir-

105 1713 231 1792 guncula
249 1712 391 1774 cervicem
407 1712 469 1773 eius
485 1711 588 1773 invasit
602 1719 631 1772 et
644 1729 706 1772 non
721 1711 894 1791 repugnanti
908 1730 1001 1791 puero
1017 1711 1217 1774 innumerabi-

100 1801 138 1861 lia
154 1800 257 1860 oscula
274 1797 353 1858 dedit
658 1881 678 1924 ἧς

190 1955 362 2016 volebamus
377 1952 477 2015 miseri
493 1954 661 2025 exclamare,
678 1954 728 2016 sed
744 1971 799 2014 nec
813 1953 843 2014 in
859 1952 964 2014 auxilio
980 1961 1041 2016 erat
1051 1954 1217 2034 quisquam,
1234 1957 1272 2019 21

103 2051 132 2102 et
149 2042 223 2102 binc
238 2040 351 2120 Psyche
372 2058 425 2100 acu
449 2041 608 2102 comatoria
630 2039 756 2120 cupienti
775 2039 846 2099 mibi
866 2039 1002 2100 invocare
1018 2040 1166 2113 Quiritum
1182 2041 1218 2101 fi-

107 2129 172 2188 dem
192 2125 289 2188 malas
309 2125 468 2205 pungebat,
489 2125 567 2186 illinc
587 2126 680 2204 puella
695 2124 841 2206 penicillo,
859 2125 938 2202 quod
954 2131 982 2186 et
995 2126 1094 2203 ipsum
1109 2125 1217 2205 satyrio

107 2213 238 2285 tinxerat,
255 2212 394 2290 Ascylton
410 2211 594 2290 opprimebat
658 2295 677 2336 ἧς

189 2369 297 2429 ιιΙιίιιιο
320 2367 457 2428 cinaedus
479 2365 648 2446 supervenit
659 2373 771 2446 myrtea
786 2365 964 2428 subornatus
980 2367 1139 2446 gausapina
1155 2366 1219 2429 cin-

102 2455 231 2534 guloque
253 2453 420 2515 succinctus
437 2453 591 2514 ...modo
612 2452 733 2514 extortis
754 2470 810 2514 nos
831 2452 964 2514 clunibus
985 2453 1101 2527 cecidit,
1127 2453 1217 2514 modo

101 2542 195 2604 basiis
213 2539 385 2601 olidissimis
401 2539 568 2618 inquinavit,
583 2539 679 2600 donec
695 2539 831 2612 Quartilla
848 2537 1025 2600 baleuaciam
1041 2545 1143 2600 terrens
1159 2537 1218 2600 vir-

102 2647 168 2707 gam
186 2626 300 2705 alteque
315 2623 461 2686 succincta
476 2625 563 2686 iussit
577 2624 739 2686 infelicibus
755 2625 817 2686 dari
831 2625 1005 2686 missionem

650 2735 670 2774 ιι

189 2818 314 2889 uterque
334 2816 472 2870 nostrum
487 2808 717 2886 religiosissimis
738 2809 843 2870 iurarit
856 2808 964 2882 verbis,
981 2809 1058 2870 iuter
1072 2827 1126 2871 uos
1140 2810 1216 2872 duos

108 2897 267 2975 periturum
284 2914 351 2957 csse
366 2902 427 2955 tam
442 2894 580 2955 horribile
597 2903 741 2956 secretum

656 2999 676 3042 a

189 3071 375 3132 intraverunt
400 3067 582 3149 palaestritae
609 3069 776 3147 complures
803 3075 832 3128 et
856 3085 913 3129 nos
933 3067 1061 3146 legitime
1079 3068 1216 3147 perfusos

104 3158 169 3219 oleo
186 3158 359 3218 refecemnt.
389 3163 537 3234 utcunque
559 3173 628 3234 ergo
650 3153 821 3216 lassitudine
842 3153 951 3215 abiecta
967 3153 1113 3215 cenatoria
1128 3173 1217 3236 repe-

101 3243 194 3304 timus
215 3252 245 3305 et
264 3242 294 3303 iu
315 3241 481 3321 proximam
500 3241 599 3302 cellam
621 3241 700 3302 ducti
721 3259 837 3314 sumus,
858 3239 887 3300 in
909 3257 965 3317 qua
979 3247 1039 3299 tres
1053 3240 1119 3302 lecti
1135 3242 1218 3304 strati
1325 3245 1326 3252 ’

101 3337 187 3390 erant
212 3337 242 3390 et
267 3327 397 3406 reliquus
422 3326 598 3388 lautitiarum
621 3334 777 3405 apparatus
799 3325 1035 3422 splendidissime
1055 3328 1216 3407 expositus

102 3415 176 3476 iussi
193 3433 263 3492 ergo
282 3412 494 3492 discubuimus,
511 3420 539 3472 et
554 3414 719 3490 gustatione
731 3412 851 3472 mirifica
863 3410 966 3472 initiati
977 3411 1046 3474 vino
1060 3414 1147 3475 etiam
1159 3414 1215 3475 Fa-

101 3501 186 3562 lerno
208 3486 395 3560 inundamur.
431 3498 542 3600 excepti
564 3497 649 3559 etiam
672 3497 819 3598 pluribus
824 3497 943 3558 ferculis
964 3516 1029 3560 cum
1050 3499 1216 3561 laberemur

84 3587 133 3646 in
149 3603 310 3655 somnum,
328 3577 420 3644 ‘itane
441 3575 519 3645 est?
540 3583 636 3663 inquit
656 3572 819 3657 Quartilla‘
828 3583 913 3644 ctiam
933 3584 1062 3645 dormire
1082 3584 1193 3646 vobis
1185 3601 1216 3644 ιιι

102 3677 202 3732 mente
217 3677 272 3744 est,
289 3689 354 3731 curn
371 3669 468 3731 sciatis
484 3669 582 3749 Priapi
598 3669 683 3746 genio
699 3668 881 3748 pervigilium
898 3661 1032 3743 deberi‘i’

655 3773 675 3816 c

191 3862 260 3906 cum
279 3843 411 3925 Ascyltos
437 3852 534 3925 gravat
536 3863 569 3904 us
595 3849 640 3905 tot
664 3843 778 3904 malis
771 3863 801 3904 m
823 3861 963 3904 somnum
985 3843 1143 3917 laberetur,
1168 3843 1215 3906 illa
1230 3845 1271 3908 22

103 3948 180 4010 quas
190 3929 297 3992 iniuria
305 3929 844 4010 depulsafueratancillatotamfaeiem
853 3929 915 3991 eius
923 3928 1043 4007 fuligine
1051 3928 1136 4008 longa
1143 3948 1212 4008 per-
