2728 4344
624 225 780 285 turnoutl

278 389 324 444 -et
338 383 447 444 circum
462 387 567 442 tonsae
579 380 735 460 trepidanti
750 378 856 440 vertice
871 378 969 458 pinus.

294 467 350 529 bas
364 468 440 528 inter
454 466 570 528 ludebat
584 466 667 545 aquis
682 465 849 527 errantibus
862 464 957 526 amnis

238 570 253 618 ι
297 570 442 632 spumeus
454 559 483 613 et
497 551 618 632 querulo
633 551 755 612 vexabat
767 569 836 610 rore
851 549 972 630 lapillos.

295 638 401 717 dignus
416 657 517 699 amore
531 638 630 698 locus:
644 637 729 698 testis
743 635 886 696 siluestris
900 635 996 695 aedon

296 729 382 802 atque
396 723 507 785 urbana
522 723 652 793 Procne,
668 739 740 802 quae
756 720 866 782 circum
882 719 1012 798 gramina
1026 718 1108 779 lusae

297 814 327 869 et
340 809 443 870 molles
458 808 552 870 violas
567 815 653 869 cantu
668 825 722 868 sua
735 806 797 867 iura
813 804 948 915 colebant

695 905 715 949 s

238 977 388 1058 premebat
412 978 458 1040 illa
483 977 612 1040 resoluta
637 976 810 1038 marmoreis
836 973 994 1036 ceruicibus
1020 990 1140 1034 aureum
1159 980 1261 1034 torum

154 1069 306 1143 myrtoque
321 1064 436 1124 florenti
452 1063 626 1142 quietum.
640 1060 842 1123 .verberabat
872 1060 970 1139 itaque
985 1065 1017 1121 ut
1030 1077 1077 1120 me
1089 1057 1168 1132 vidit,
1184 1077 1262 1136 pau-

152 1149 243 1210 lulum
259 1150 387 1221 erubuit,
402 1150 553 1210 hesternae
568 1147 697 1209 ιιιΙιιιι
690 1146 810 1207 iniuriae
825 1163 954 1220 memor3
970 1143 1074 1205 deinde
1090 1151 1123 1204 ut
1136 1143 1261 1204 remotis

154 1233 297 1296 omnibus
310 1234 472 1296 secundum
488 1232 658 1295 invitantem
674 1231 808 1304 consedi,
823 1249 937 1292 ramum
956 1247 990 1290 su
1013 1247 1045 1290 er
1060 1228 1161 1290 oculos
1176 1245 1262 1288 meos

149 1320 267 1420 posuit,
290 1326 320 1380 et
339 1318 422 1399 quasi
442 1318 551 1398 pariete
570 1317 728 1379 interiecto
744 1315 880 1378 audacior
898 1316 972 1377 facta
1004 1314 1072 1394 quid
1092 1304 1151 1374 ιιι
1147 1313 1263 1416 inquit

149 1395 333 1485 paralytice,
348 1403 450 1506 ecquid
463 1403 550 1466 hodie
562 1411 642 1464 totus
655 1393 828 1463 ιιιιιιιιι
835 1391 934 1478 rogas'
951 1399 1070 1497 inquam
1081 1418 1135 1496 ego
1147 1389 1263 1478 ‘potius

154 1509 241 1570 quam
262 1486 411 1569 temptas?
415 1480 566 1569 'totoque
585 1506 710 1568 corpore
728 1487 759 1547 in
774 1484 978 1566 amplexum
954 1484 1185 1548 crusimmissns
1199 1502 1263 1546 non
1350 1473 1351 1496 ¹

155 1575 349 1656 praecantatis
363 1592 457 1654 usque
472 1574 508 1636 ad
524 1573 683 1636 satietatem
700 1571 808 1634 osculis
821 1571 907 1633 fruor

694 1681 715 1720 a

87 1796 146 1858 132
240 1797 273 1859 dc
284 1795 462 1876 Endymione
473 1812 576 1876 puero.
599 1795 663 1874 ipsa
679 1795 811 1874 corporis
823 1793 1038 1874 pulchritudine
1053 1813 1100 1855 me
1115 1792 1150 1855 ad
1163 1813 1196 1856 se
1207 1812 1261 1856 vo-

155 1888 238 1943 nante
249 1882 380 1943 trabebat
391 1881 426 1943 ad
436 1898 577 1941 veneram.
600 1879 657 1941 iam
670 1878 802 1958 pluribus
814 1880 923 1941 osculis
934 1879 1033 1941 collisa
1044 1879 1122 1940 labra
1135 1881 1260 1960 crepita-

153 1967 233 2041 bant,
248 1967 305 2028 iam
321 1966 476 2046 implicitae
492 1983 595 2026 manus
612 1983 699 2026 omne
710 1982 802 2044 genus
814 1965 923 2026 amoris
936 1965 1112 2038 inuenerant,
1127 1966 1187 2026 iam
1198 1965 1262 2026 alli-

155 2059 219 2131 gata
233 2060 337 2115 mutuo
354 2050 465 2114 ambitu
480 2069 604 2132 corpora
619 2050 783 2112 animarum
798 2069 916 2131 quoque
931 2051 1088 2112 mixturam
1102 2049 1234 2114 fecerant

696 2151 716 2195 s

239 2262 400 2325 manifestis
421 2269 554 2324 matrona
574 2262 757 2324 contumeliis
772 2261 919 2323 verberata
934 2261 1052 2322 tandem
1067 2261 1104 2323 ad
1118 2261 1259 2323 ultionem

156 2348 283 2410 decurrit
301 2355 442 2427 vocatque
463 2347 657 2409 cubioudarius
677 2355 707 2408 et
728 2365 775 2408 me
793 2347 874 2409 iubet
892 2345 1081 2409 catomidiari.
1111 2363 1167 2408 nec
1187 2365 1258 2409 con-

154 2441 233 2497 tenta
251 2433 354 2494 mulier
373 2441 433 2494 tarn
449 2431 527 2510 gravi
542 2431 645 2494 iniuria
659 2451 724 2493 mea
740 2440 883 2493 conuocat
897 2449 1002 2492 omnes
1018 2431 1198 2511 quasillarias
1212 2434 1258 2494 fa-

155 2519 307 2596 miliaeque
321 2517 555 2579 sordidissimam
570 2524 683 2596 partem
697 2535 731 2578 ac
744 2536 793 2578 me
808 2516 933 2596 conspui
948 2516 1036 2578 iubet.
1066 2535 1189 2597 oppono
1205 2535 1256 2596 ego
1349 2587 1350 2590 Ἴ

155 2620 260 2664 manus
282 2603 374 2664 oculis
394 2601 480 2676 mais,
500 2601 644 2682 nullisque
663 2601 763 2662 effusis
783 2601 934 2682 precibuS,
954 2602 1020 2680 quia
1040 2602 1169 2665 sciebam
1191 2602 1257 2682 quid

156 2687 341 2761 meruissem,
356 2687 525 2748 verberibus
540 2687 693 2766 sputisque
708 2695 789 2748 extra
804 2687 919 2748 ianuam
933 2685 1042 2749 eiectus
1055 2705 1132 2748 sum.
1158 2688 1257 2750 eicitur

154 2781 185 2834 et
198 2773 387 2846 Proselenos,
402 2772 521 2851 Chrysis
535 2771 659 2851 vapulat,
674 2778 794 2851 totaque
807 2771 914 2833 familia
929 2772 1022 2834 tristis
1037 2772 1113 2834 inter
1127 2789 1160 2834 se
1175 2793 1257 2835 mus·
1349 2807 1350 2820 ι

156 2866 202 2921 ιιι
216 2859 392 2939 quaeritque,
409 2857 475 2937 quis
490 2856 625 2918 deminae
638 2856 813 2919 hilaritatem
829 2857 992 2920 confuderit

696 2957 716 3000 ι

239 3029 337 3108 itaque
351 3027 481 3109 pensatis
496 3026 607 3089 vicibus
619 3027 782 3090 animosior
794 3028 947 3092 cerberum
963 3035 1047 3092 notas
1059 3034 1120 3088 arte
1132 3030 1255 3107 contexi,

155 3132 193 3175 ne
213 3120 263 3176 aut
276 3114 440 3193 Eumolpus
460 3113 634 3174 contumelia
654 3132 719 3175 mea
739 3113 859 3175 hilarior
873 3115 955 3176 lieret
969 3121 1018 3177 aut
1032 3112 1145 3174 tristior
1160 3113 1256 3176 Giton.

156 3199 236 3278 quod
260 3199 357 3262 solum
381 3199 468 3278 igitur
493 3197 571 3259 salvo
596 3199 709 3277 pudore
729 3206 862 3279 poteram
886 3199 1063 3276 confingere,
1087 3199 1256 3276 languorem

156 3282 293 3344 simulare
313 3283 410 3364 coepi,
432 3283 626 3362 conditusque
643 3284 747 3345 lectulo
769 3292 869 3346 totum·
882 3283 980 3360 ignem
1004 3283 1114 3344 furoris
1140 3283 1171 3344 in
1194 3303 1256 3346 eam

157 3369 294 3443 converti,
309 3368 467 3448 quaemihi
483 3368 615 3430 omnium
630 3369 775 3430 malorum
791 3388 877 3431 causa
891 3369 997 3430 fuerat:

319 3459 363 3515 ter
378 3453 505 3532 corripui
519 3453 681 3516 terribilem
692 3472 783 3516 manu
796 3454 968 3534 bipennem,

319 3546 364 3600 ter
377 3538 540 3617 languidior
554 3539 666 3601 coliculi
679 3547 801 3620 repente
813 3541 916 3618 thyrsa

318 3624 429 3685 ferrum
443 3622 554 3695 timuit,
570 3625 648 3703 quod
663 3624 779 3703 trepido
795 3623 869 3685 male
883 3621 968 3684 dabat
981 3639 1078 3683 usum.

319 3727 376 3771 nec
389 3709 446 3770 iam
461 3714 609 3787 poteram,
625 3708 809 3788 quodmodo
824 3707 967 3769 conficere
981 3706 1100 3782 libebat3

320 3813 447 3874 namque
460 3792 507 3855 illc
521 3799 602 3854 metu
614 3791 748 3872 frigidior
761 3793 873 3872 rigente
886 3790 990 3855 bruma

320 3879 492 3960 confugerat
505 3877 535 3944 iu
549 3878 660 3941 viscera
674 3878 752 3941 mille
767 3884 868 3958 operta
881 3876 972 3956 rugis.
