2762 4344
605 233 749 288 sunnin
896 209 899 218 ’
1190 241 1228 302 71

115 410 280 471 agnoscere
299 391 469 470 dignitatem
492 409 585 451 suem.
622 397 769 469 practerea
790 391 897 454 babere
916 391 945 452 in
961 392 1057 456 Africa
1075 395 1230 456 trecenties

115 477 288 540 sestertium
309 477 408 538 fundis
424 476 651 555 nominibusque
667 477 853 556 depositum·
874 497 943 540 nam
957 478 1095 540 familiam
1112 480 1231 559 quidem

114 573 177 626 tam
202 581 339 642 magnam
361 581 414 642 per
435 580 521 640 agros
538 561 690 624 Numidiae
706 582 772 624 esse
788 581 930 641 sparsam,
945 572 978 624 nt
992 563 1089 643 possit
1104 566 1145 626 vel
1161 566 1231 628 Car-

114 649 268 727 thaginem
284 668 395 728 capere.
412 649 575 708 secundum
588 648 663 709 hanc
673 647 830 709 formulam
842 649 1023 728 imperamus
1032 650 1187 731 Eumolpo,
1199 659 1233 713 ut

115 737 280 815 plurimum
293 735 407 804 tussiat,
416 743 450 794 ut
461 735 499 795 sit
511 733 600 793 modo
610 733 761 795 solutioris
772 778 778 793 .
790 780 797 794 .
808 735 968 795 stomachi
979 735 1120 815 cibosque
1128 754 1230 798 omnes

114 821 212 901 palam
230 820 358 880 damnet.
389 819 524 898 loquatur
544 837 648 880 aurum
670 827 699 880 et
718 827 870 898 argeutum
890 820 1057 900 fundosque
1075 824 1231 884 mendaces

115 916 144 968 et
164 913 340 985 perpetuam
362 913 505 966 terrarum
527 904 716 966 sterilitatem.
748 907 848 967 sedeat
866 913 1015 986 praeterea
1038 907 1167 985 quotidie
1194 907 1231 968 ad

116 993 249 1053 rationes
270 991 441 1069 tabulasque
459 990 626 1052 testamenti
647 990 785 1052 omnibns
808 991 952 1053 mensibus
975 1002 1103 1053 renovet.
1142 1000 1172 1054 et
1192 1011 1231 1054 ne

122 1077 184 1156 quid
203 1095 329 1138 scaenae
344 1077 467 1147 deesset,
484 1076 738 1156 quotienscunque
753 1076 878 1155 aliquem
895 1085 1030 1138 nostrum
1045 1096 1150 1140 vocare
1163 1084 1230 1140 ten-

120 1170 225 1237 tasset,
247 1161 336 1223 alium
357 1180 411 1241 pro
432 1161 486 1222 alio
506 1170 636 1233 vocaret,
657 1168 690 1223 ut
708 1162 791 1224 facile
806 1171 961 1242 appareret
975 1163 1129 1225 dominum
1144 1164 1230 1225 etiarn

117 1268 220 1310 eorum
237 1247 420 1319 meminisse,
437 1247 484 1326 qui
501 1255 669 1326 praesentes
685 1265 745 1308 nou
761 1255 869 1309 essent.

201 1333 252 1394 bis
268 1333 307 1394 ita
325 1333 477 1406 ordinatis,
490 1326 582 1412 ‘quod
597 1333 673 1395 benc
686 1333 864 1413 feliciterque
879 1324 1018 1395 eveniret'
1033 1334 1142 1414 precati
1158 1333 1230 1396 deos

115 1420 190 1482 riam
212 1419 404 1498 ingredimur.
434 1419 484 1479 sed
504 1435 600 1497 neque
621 1418 708 1480 Giton
731 1420 786 1480 sub
808 1419 926 1480 insolito
947 1420 1026 1481 fasce
1046 1420 1181 1493 durabat,
1202 1427 1232 1481 et

114 1504 338 1567 mercennarius
349 1505 450 1576 Corax,
458 1505 634 1566 detrectator
645 1505 910 1585 ministerii,posita
921 1505 1103 1584 frequentius
1116 1504 1231 1567 sarcina

114 1590 309 1653 maledicebat
329 1590 554 1670 properantibus
575 1591 794 1670 affirmabatque
814 1609 846 1651 se
861 1599 911 1653 aut
920 1591 1125 1696 proiecturum
1137 1592 1231 1653 sarci-

114 1696 168 1740 nas
185 1684 238 1739 aut
254 1695 322 1738 cum
338 1694 426 1736 onere
440 1676 613 1754 fugiturum.
640 1667 721 1755 ‘quid
738 1666 800 1738 ros'
815 1676 910 1756 inquit
937 1677 1101 1740 iumentum
1114 1697 1161 1739 me
1173 1696 1231 1757 pu-

113 1763 181 1826 tatis
198 1781 268 1824 esse
283 1769 332 1823 aut
345 1761 512 1840 lapidariam
528 1758 655 1824 navem?
671 1762 800 1824 hominis
814 1780 919 1842 operas
930 1763 1032 1836 locavi,
1047 1781 1108 1825 non
1121 1763 1230 1826 caballi.

114 1868 171 1912 nec
192 1849 294 1910 minus
315 1847 388 1908 liber
407 1867 474 1908 snm
494 1865 581 1928 qoam
601 1865 669 1920 vos,
690 1847 804 1909 etiamsi
823 1867 980 1928 pauperem
1002 1858 1086 1928 pater
1100 1851 1147 1911 mc
1163 1849 1230 1911 reli-

116 1925 204 2015 quit’.
245 1952 301 1995 nec
324 1940 478 1994 contentus
504 1932 666 1994 maledictis
688 1933 809 1995 tollebat
827 1934 952 1996 subinde
972 1935 1057 1996 altius
1077 1934 1180 2015 pedem
1202 1941 1231 1997 et

115 2021 240 2100 strepitu
259 2019 408 2080 obscoeno
425 2018 511 2080 simul
527 2027 613 2098 atque
629 2018 721 2080 odore
734 2019 810 2081 viam
826 2019 972 2098 implebat.
1000 2020 1113 2082 ridebat
1124 2027 1229 2082 contu-

115 2107 242 2169 maciam
260 2105 348 2166 Giton
364 2111 393 2166 et
407 2104 538 2183 singulos
555 2104 684 2184 crepitus
699 2104 761 2166 eius
777 2105 839 2186 pari
855 2105 982 2167 elamore
997 2105 1230 2186 prosequebatur

658 2201 679 2240 ᾗ
744 2208 748 2214 ,

196 2269 323 2338 ‘multos
338 2275 477 2336 nimirum
497 2274 600 2354 linquit
610 2275 784 2356 Eumolpus,
801 2277 828 2354 o]
842 2275 962 2337 invenes
975 2292 1091 2336 carmen
1105 2276 1228 2358 decepit.
1238 2274 1298 2338 118

119 2383 185 2426 nam
205 2369 241 2424 ut
262 2362 389 2442 quisque
406 2379 522 2422 versum
545 2361 669 2440 pedibus
690 2361 829 2422 instruxit
846 2379 1026 2440 sensumque
1051 2361 1227 2424 teneriorem

120 2449 274 2510 verborum
296 2446 408 2508 ambitu
428 2445 564 2520 intexuit,
583 2448 695 2526 putavit
719 2466 752 2507 se
772 2447 913 2509 continuo
935 2447 966 2508 in
986 2445 1154 2508 Heliconem
1176 2467 1228 2509 ve-

123 2534 202 2596 nisse.
235 2533 280 2595 sic
298 2532 466 2594 forensibus
486 2532 657 2594 ministeriis
678 2532 824 2595 exercitati
843 2533 1011 2612 frequenter
1030 2533 1066 2593 ad
1090 2533 1228 2594 carminis

121 2619 355 2700 tanquillitatem
369 2626 516 2697 umquam
530 2618 565 2679 ad
578 2627 697 2697 portum
712 2617 871 2680 feliciorem
886 2619 1064 2698 refugerunt,
1079 2619 1229 2681 credentes

117 2706 229 2768 facilius
241 2723 348 2784 poema
360 2706 453 2766 extrui
464 2723 563 2783 posse,
576 2722 664 2782 quam
676 2704 906 2766 controversiam
919 2703 1101 2766 sententiolis
1109 2705 1229 2767 vibran-

117 2793 193 2854 tibus
210 2791 330 2870 pictam.
362 2798 488 2851 cetcrum
508 2808 604 2870 neque
624 2789 797 2870 generosior
816 2789 936 2870 spiritus
957 2790 1114 2852 vanitatem
1141 2798 1228 2864 amat,

117 2897 210 2960 neque
232 2877 387 2955 concipere
402 2883 451 2936 ant
465 2875 550 2936 edere
566 2883 683 2955 partum
698 2893 784 2936 mens
799 2883 899 2955 potest
912 2875 968 2937 nisi
984 2876 1094 2954 ingenti
1109 2876 1230 2937 llumine

116 2963 279 3026 litterarum
295 2962 443 3024 inundata.
470 2961 674 3040 refugiendum
690 2968 736 3021 est
750 2960 786 3022 ab
802 2961 883 3021 omni
898 2959 1065 3032 verborum,
1081 2967 1115 3022 ut
1128 2961 1166 3022 ita
1182 2961 1228 3022 di-

118 3069 195 3121 cam,
222 3047 330 3110 vilitate
349 3056 378 3108 et
398 3046 557 3122 sumendae
575 3065 662 3108 voces
685 3065 701 3108 a
721 3045 807 3126 plebe
828 3053 1006 3120 summotae,
1031 3052 1065 3107 ut
1088 3047 1139 3108 fiat
1153 3038 1228 3109 “odi

118 3136 274 3215 prolanum
289 3132 393 3211 vulgus
409 3138 438 3193 et
452 3122 565 3194 aroeo‘’.
594 3140 743 3212 praeterea
758 3131 918 3193 curandum
935 3140 993 3205 est,
1014 3149 1052 3192 ne
1067 3132 1229 3194 sententiae

119 3221 266 3282 emineant
281 3226 361 3281 extra
377 3235 486 3297 corpus
502 3217 643 3279 orationis
660 3235 825 3298 expressae,
841 3217 891 3278 sed
909 3218 1019 3280 intexto
1031 3217 1164 3279 versibus
1177 3237 1228 3281 co-

118 3306 178 3367 lore
198 3305 319 3366 niteant.
346 3303 494 3364 Homerus
515 3304 599 3365 testis
620 3310 649 3364 et
659 3303 739 3384 lyrici
755 3303 966 3382 Romanusque
978 3303 1113 3382 Virgilius
1126 3310 1155 3365 et
1167 3303 1229 3364 llo-

118 3393 181 3454 ratii
197 3389 315 3454 curiosa
329 3389 460 3451 felicitas.
490 3389 577 3450 ceteri
593 3388 671 3450 enim
687 3396 736 3450 aut
749 3406 812 3449 non
827 3389 962 3450 viderunt
972 3389 1056 3464 viam,
1072 3408 1128 3470 qua
1139 3389 1230 3451 iretur

119 3477 152 3540 ad
168 3494 304 3549 carmen,
324 3483 375 3536 aut
393 3475 486 3537 visam
507 3474 669 3536 timuerunt
689 3474 805 3536 calcare.
837 3493 903 3536 ecce
924 3472 988 3536 belli
1010 3474 1098 3537 civilis
1124 3475 1228 3553 ingens

120 3581 193 3644 opus
210 3561 344 3642 quisquis
359 3561 499 3640 attigerit,
515 3560 573 3622 nisi
587 3559 693 3640 plenus
708 3559 825 3633 litteris,
842 3561 897 3620 sub
913 3578 1003 3622 onere
1017 3561 1137 3622 labetur.
1166 3577 1228 3621 non

121 3649 196 3710 enuu
212 3666 260 3709 res
277 3654 374 3725 gestae
387 3646 522 3708 versibus
534 3645 829 3727 comprehendendae
841 3653 919 3720 sunt,
935 3646 1014 3726 quod
1026 3646 1112 3724 longe
1123 3643 1227 3706 melius

119 3733 249 3808 historici
264 3733 386 3804 faciunt,
405 3733 456 3794 sed
478 3751 531 3812 per
546 3732 682 3812 ambages
699 3732 879 3811 deorumque
893 3729 1054 3792 ministeria
1070 3736 1099 3790 et
1112 3728 1227 3790 labulo·

121 3839 184 3880 sum
204 3817 416 3881 sententiarum
437 3825 617 3880 tormentum
634 3817 872 3898 praecipitandus
888 3823 934 3878 est
947 3814 1020 3878 liber
1034 3813 1173 3896 spiritus,
1193 3822 1227 3877 ut

122 3905 217 3984 potius
232 3903 358 3966 furentis
374 3904 462 3965 animi
477 3902 641 3966 vaticinatio
658 3910 796 3985 appareat
811 3921 897 3982 quam
913 3901 1063 3980 religiosae
1085 3901 1226 3962 orationis
