2728 4344
522 221 665 280 oxomen
1100 231 1141 296 pp

27 398 188 479 nunquam
203 397 297 460 nerpre
311 380 342 441 ln
356 379 506 443 tabernam
523 387 715 459 conspexerat
729 397 784 444 nec
794 380 880 443 ullius
891 381 992 445 turbae
1001 384 1141 462 frequen·

27 467 116 528 tioris
139 466 264 527 concilio
286 467 387 529 oculos
408 485 480 527 suos
500 465 670 528 crediderat.
705 465 776 528 adeo
799 466 872 530 nihil
890 474 936 529 est
956 470 1140 532 commodius

29 571 123 654 qnam
137 569 275 655 semper
272 570 338 613 curn
354 550 494 654 sapientia
509 541 608 630 loqui?

113 628 246 699 ‘omnia’
267 637 386 735 inquam
397 627 470 698 ‘ista
489 655 557 697 vera
577 644 660 710 sunt;
680 654 735 697 nec
749 635 796 698 ulli
812 636 888 699 enirn
905 637 1027 699 celerius
1042 637 1141 700 homi·

32 741 84 784 nes
103 721 237 784 incidere
251 722 380 784 debent
372 739 403 783 m
418 721 524 782 malam
538 721 703 796 fortunam,
723 740 810 802 quarn
827 740 876 802 qur
868 721 1016 786 alienum
1031 743 1142 787 concu-

34 809 160 888 piscunt
193 806 272 868 unde
287 807 365 887 plani
380 815 486 877 autern,
502 806 580 868 unde
592 767 737 869 leratoies
754 807 894 880 viverent,
915 809 973 870 nisi
989 817 1038 871 ant
1052 809 1142 872 locel-

30 895 75 954 los
91 899 143 956 aut
158 901 301 954 sonantes
318 911 385 953 aere
400 890 537 954 saccellos
548 908 603 970 pro
615 891 730 952 barnis
722 899 775 953 rut
762 892 877 954 turbam
891 893 1060 956 mitterent?
1082 895 1143 956 sic-

27 987 62 1040 ut
80 987 165 1040 muta
181 977 316 1039 animalia
332 977 397 1038 cibo
412 977 595 1051 inescantur,
616 977 659 1038 sic
672 975 811 1039 homines
826 994 886 1040 non
903 987 1074 1059 caperentur
1085 980 1142 1044 nisi

28 1065 93 1144 spei
109 1063 223 1143 aliquid
238 1055 419 1126 morderent’

573 1156 596 1197 ι

110 1224 166 1295 ‘ex
184 1233 281 1296 Africa
300 1232 397 1307 navis,
418 1239 450 1294 ut
468 1233 662 1314 promiseras,
689 1250 755 1294 cum
775 1232 898 1313 pecunia
917 1241 966 1294 tua
985 1241 1015 1295 et
1032 1234 1139 1297 familia
1151 1235 1208 1294 141

28 1339 91 1382 non
105 1319 200 1381 venit.
231 1326 395 1399 captatores
409 1318 467 1380 iam
483 1316 615 1380 exhausti
628 1316 846 1378 liberalitatem
838 1319 1058 1382 imminuerunt.
1084 1321 1139 1381 ita-

29 1426 84 1486 que
104 1413 157 1467 aut
177 1404 281 1479 fallor,
302 1412 353 1466 aut
372 1404 491 1466 fortuna
509 1402 676 1465 communis
697 1402 793 1481 coepit
811 1403 906 1465 redire
925 1405 961 1466 ad
982 1405 1141 1484 poeniten-

29 1493 98 1552 tiam
113 1480 214 1553 tuam’

574 1583 596 1624 e

111 1651 238 1722 ‘omnes
258 1659 307 1738 qui
326 1659 356 1721 in
374 1665 550 1722 testamento
572 1677 640 1718 meo
656 1657 747 1737 legata
762 1657 871 1720 babent
889 1667 1006 1739 praeter
1019 1659 1140 1723 libertos

35 1765 123 1818 meos,
137 1747 198 1807 hac
214 1744 382 1806 conditione
397 1743 565 1824 percipient,
581 1762 655 1824 qnae
670 1743 745 1815 dedi,
762 1743 788 1804 si
799 1762 907 1824 corpus
920 1760 1017 1808 rneurn
1029 1745 1060 1807 in
1071 1765 1141 1827 par-

32 1841 73 1893 tes
89 1829 278 1894 conciderint
291 1837 320 1892 et
334 1836 446 1892 astante
460 1828 571 1910 populo
587 1819 783 1891 comederint

574 1923 595 1965 ι

110 1993 211 2082 ‘apud
233 1999 373 2080 quasdam
389 2007 489 2078 gentes
504 1998 614 2061 scimus
630 1999 726 2061 adhuc
740 1997 832 2078 legem
849 1999 974 2073 serrari,
990 2008 1022 2062 ut
1036 2021 1052 2063 a
1066 2019 1140 2081 pro·

34 2087 150 2185 pinquis
172 2085 237 2148 suis
260 2092 436 2147 consumant
438 2104 472 2146 ur
424 2084 634 2157 tdeluncti‚
653 2085 725 2146 adeo
745 2084 878 2182 quidem,
897 2091 931 2146 nt
951 2085 1142 2164 obiurgentur

34 2191 108 2269 aegri
100 2173 307 2252 Qtrequenter
322 2171 400 2250 quod
417 2188 534 2232 carnem
550 2169 754 2232 suamlaciant
764 2168 903 2266 peiorem.
925 2171 971 2231 his
983 2187 1139 2232 ammoneo

37 2257 143 2318 amicos
159 2275 259 2331 meos,
273 2275 311 2318 ne
321 2263 456 2318 recusent
471 2274 544 2337 quae
562 2253 657 2330 iubeo,
673 2255 725 2316 sed
737 2255 857 2357 quibus
854 2255 960 2316 animis
973 2256 1141 2318 devoverint

36 2343 170 2421 spiritum
185 2360 297 2416 mcum,
314 2340 424 2404 eisdem
440 2342 527 2405 etiam
544 2358 652 2422 corpus
667 2329 857 2402 consumant'

573 2437 594 2476 ιι

124 2510 291 2574 excaecabat
304 2511 445 2592 pecuniae
460 2511 564 2592 ingens
578 2511 654 2573 fama
667 2510 768 2572 oculos
780 2510 951 2590 animosque
961 2509 1139 2574 miserorum

577 2610 597 2654 ι

119 2681 243 2764 Gorgias
259 2689 379 2762 paratus
394 2689 456 2744 erat
470 2681 588 2762 exsequi

577 2781 598 2824 a

114 2843 163 2914 ‘de
182 2852 328 2915 stomachi
342 2852 385 2914 tui
400 2852 584 2915 recusatione
598 2867 660 2912 non
673 2849 766 2912 habeo
783 2854 863 2932 quod
877 2855 1005 2915 timeam.
1035 2871 1140 2932 seque-

36 2945 81 2998 tur
95 2938 266 3018 imperinm,
283 2937 309 3000 si
323 2937 497 3017 promiseris
511 2937 553 2998 illi
568 2955 623 3018 pro
638 2936 727 2998 unius
743 2937 834 2999 horae
847 2938 964 3000 fastidio
979 2936 1141 2998 multorum

33 3023 181 3084 bonorum
197 3023 411 3102 pensationem.
435 3023 515 3102 operi
531 3022 621 3084 modo
639 3021 748 3096 oculos,
763 3029 793 3084 et
807 3024 884 3103 linge
898 3031 927 3084 te
941 3040 1002 3084 non
1014 3023 1142 3083 humana

33 3109 143 3169 viscera
163 3108 216 3170 sed
237 3109 346 3169 centies
369 3108 536 3170 sestertium
558 3123 700 3170 comesse.
730 3108 840 3169 accedit
859 3110 931 3182 huc,
952 3107 1031 3188 quod
1046 3106 1141 3186 aliqua

33 3193 217 3255 inveniemus
237 3192 444 3266 blandimenta,
465 3193 571 3272 quibus
591 3210 728 3272 saporem
749 3201 908 3256 mutemus.
946 3192 1139 3273 nequeenim

32 3278 89 3340 ulla
109 3298 178 3342 caro
199 3296 253 3358 per
272 3297 304 3339 se
318 3279 427 3358 placet,
444 3278 495 3340 sed
512 3285 574 3340 arte
589 3277 712 3358 quadarn
729 3278 928 3358 corrumpitur
942 3285 971 3340 et
985 3277 1140 3339 stomacho

34 3364 205 3426 conciliatur
219 3382 332 3426 averso.
362 3363 441 3442 quod
458 3363 482 3424 si
497 3362 637 3444 exemplis
653 3381 770 3442 quoque
782 3363 825 3424 ris
840 3363 960 3444 probari
975 3363 1139 3436 consilium,

35 3449 187 3527 Saguntini
210 3447 349 3529 oppressi
363 3447 399 3509 ab
415 3447 575 3509 Hnnnibale
589 3449 733 3509 humanas
749 3450 834 3511 edere
850 3467 966 3522 carnes,
986 3468 1041 3511 nec
1055 3450 1139 3510 here-

35 3535 152 3597 ditatem
178 3534 378 3630 expectabant
413 3531 533 3594 Petelini
553 3533 631 3594 idem
650 3533 783 3595 lecerunt
800 3533 830 3596 in
848 3533 951 3596 ultima
970 3534 1061 3608 lame,
1086 3551 1141 3594 nec

36 3620 190 3701 quicquam
210 3618 317 3681 aliud
309 3638 340 3679 rn
359 3620 415 3680 hac
429 3617 596 3698 epulatione
610 3616 776 3696 captabant,
791 3619 849 3680 nisi
864 3626 977 3681 tantum
994 3639 1030 3680 ne
1045 3617 1140 3680 esuri-

36 3712 108 3766 rent.
138 3725 204 3768 cnm
225 3711 305 3767 esset
319 3703 476 3766 Numantia
495 3701 664 3783 aScipione
684 3711 781 3803 capta,
799 3703 933 3768 inventae
948 3711 1017 3766 sunt
1031 3711 1140 3766 matres

37 3808 108 3868 quae
121 3790 284 3855 liberorum
301 3807 423 3852 suorum
437 3795 571 3852 tenerent
586 3807 702 3851 semesa
717 3791 747 3851 in
763 3789 831 3854 sinu
846 3780 984 3871 corpora’

578 3911 599 3954 ele
