2728 4344
241 267 302 333 110
715 265 864 319 cauma

324 435 341 484 s
383 419 520 501 quodque
532 419 595 482 lori
609 420 740 496 dederat,
756 419 806 500 qui
820 425 921 501 raptus
936 420 972 482 ab
987 419 1054 482 alite
1068 438 1149 482 sacra

423 505 529 567 miscet
542 506 664 568 amatori
680 507 784 587 pocula
798 513 878 584 grata
893 522 963 580 suo,

382 591 462 671 quod
477 590 558 670 virgo
574 591 669 671 prima
684 590 790 671 cupido
806 590 855 652 dat
868 597 955 652 nocte
969 589 1090 664 marito,

425 676 498 738 dum
512 677 597 739 timet
610 677 727 739 alterim
743 676 848 738 vulnus
863 676 961 755 inepta
975 666 1051 737 loci?

383 761 546 841 simplicius
562 761 653 824 multo
669 768 715 822 est
724 753 773 822 ‘da
787 753 935 840 pedicare'
949 760 1050 822 Latine

311 861 342 912 to
428 846 539 910 dicere:
555 846 626 927 quid
639 843 767 909 faciam?
783 864 882 908 crassa
896 846 1023 908 Minerva
1037 864 1101 908 mea
1117 852 1173 908 est.

767 1016 822 1077 llll

384 1117 555 1180 Obsooenas
569 1117 665 1197 rigido
680 1118 734 1180 deo
749 1117 868 1180 tabellas

384 1203 484 1265 dicans
499 1223 533 1264 ex
547 1203 756 1283 Elephantidos
769 1202 872 1264 libellis

384 1288 434 1350 dat
448 1288 558 1351 donum
574 1288 676 1368 Lalage
690 1295 846 1368 rogatque,
861 1293 971 1361 tentes,

384 1373 409 1434 si
423 1373 518 1454 pictas
534 1392 611 1453 opus
626 1375 695 1436 edat
709 1374 744 1435 ad
760 1373 877 1453 figmae.

782 1543 806 1604 v

385 1645 480 1719 Quam
494 1663 587 1726 puero
601 1646 695 1724 legem
708 1645 800 1707 lemur
814 1643 922 1706 dixisse
935 1641 1073 1724 Priapus,

426 1729 557 1792 versibus
572 1730 619 1791 bic
634 1730 709 1792 iufra
723 1730 962 1811 scripta‘duobus
978 1731 1048 1790 erit:

368 1806 463 1895 ‘quod
478 1833 563 1876 meus
578 1815 683 1876 bortus
697 1815 797 1886 babet,
813 1833 912 1877 sumas
927 1815 1049 1895 impune
1063 1813 1172 1890 licebit,

428 1900 453 1962 si
468 1899 582 1964 cedern
597 1899 698 1976 nobis,
712 1900 790 1981 quod
803 1907 871 1963 tuus
885 1902 991 1963 hortus
1006 1891 1113 1961 babet?

777 2071 813 2133 Vl

387 2173 473 2247 Quod
489 2189 556 2235 sum
570 2173 696 2254 ligneus,
712 2180 746 2236 ut
760 2154 855 2248 vides,
868 2172 991 2253 Priapus

387 2264 417 2319 et
429 2258 487 2319 falx
500 2257 594 2338 lignea
609 2259 781 2339 ligneusque
795 2258 895 2339 penis,

385 2343 528 2422 prendam
544 2352 572 2407 te
586 2352 685 2406 tamen
700 2351 729 2406 et
742 2344 848 2406 tenebo
864 2360 1005 2423 prensum

386 2434 537 2508 totamque
552 2430 627 2491 bano
642 2429 706 2491 sine
719 2429 836 2505 fraude,
851 2435 1075 2509 quantacunque
1089 2435 1149 2500 est,

386 2519 534 2574 tormento
551 2514 715 2594 citharaque
729 2513 887 2576 tensionem

387 2597 422 2658 ad
439 2605 549 2660 costam
564 2599 616 2660 tibi
632 2599 788 2680 septimam
801 2599 971 2661 recondam.

773 2754 822 2816 Vll

387 2849 459 2915 Cum
474 2851 594 2932 loquor,
608 2870 667 2916 una
681 2852 754 2914 mibi
768 2859 906 2933 peccatur
919 2852 1028 2929 littero3
1039 2871 1108 2915 nam
1122 2859 1152 2914 te

428 2937 548 3019 pedico
564 2957 683 3020 semper
696 2938 850 3020 blaesaque
861 2939 957 3019 lingua
973 2957 1038 3002 mea
1052 2945 1107 3001 est.

765 3106 828 3171 Vlll

386 3209 533 3274 llatrouae
544 3209 647 3293 procul
661 3209 732 3273 hinc
747 3211 822 3273 abite
837 3219 950 3273 castae:

386 3303 472 3377 turpe
488 3305 533 3359 est
547 3315 599 3358 ros
613 3295 709 3377 legere
723 3296 869 3377 impudica
884 3297 978 3361 rerba.
993 3331 1037 3343 --

387 3399 449 3443 nou
463 3383 537 3445 assis
552 3382 662 3446 facimrt
676 3389 803 3462 euntque
817 3390 907 3445 recta:

386 3466 527 3530 nimirum
541 3467 659 3549 sapiunt
673 3468 829 3547 videntque
841 3484 975 3547 magnam

387 3558 537 3615 matronae
552 3571 669 3633 quoque
684 3553 845 3616 mentulam
858 3553 993 3616 libenter.

760 3721 839 3786 Vllll

389 3826 447 3891 Cur
462 3822 607 3888 obscoena
622 3825 695 3886 mihi
708 3844 777 3905 pare
792 3825 831 3888 sit
845 3823 909 3886 sine
923 3831 1018 3898 veste,
1033 3824 1174 3905 requiris:

432 3928 552 3993 quaere,
567 3916 645 3990 tegat
658 3909 755 3972 nullus
772 3927 824 3972 cur
838 3927 890 3970 sua
906 3910 988 3988 sigua
1003 3910 1085 3973 deus.
