2762 4344
169 261 210 321 ‘10
643 250 801 305 rnraonn

168 431 245 482 ntus,
255 410 359 474 urbem
371 408 605 488 antiquissimam
619 406 815 487 utaliquando
827 406 924 468 ltoliae
936 407 1070 486 primam.
1094 425 1161 468 cum
1175 406 1285 468 deinde
1364 409 1365 434 ¹

169 497 334 577 diligentius
360 496 592 575 exploraremus,
614 495 663 574 qui
684 494 820 554 homines
840 493 1036 554 inhabitarent
1054 493 1152 554 nobile
1170 493 1283 567 solum,

91 644 95 652 ,
170 583 286 664 quodve
305 599 396 660 genos
417 579 622 686 negotiationis
639 577 794 682 praecipue
809 578 970 656 probarent
985 586 1055 658 post
1069 578 1182 640 attritas
1200 578 1283 640 bellis

167 668 368 748 frequentibus
380 686 463 746 opes
475 657 573 726 ‘orni’
590 665 686 744 inquit
697 657 853 742 ‘hospites
867 683 892 725 st
904 666 1103 743 negotiatores
1114 664 1197 734 estis
1214 683 1283 724 rou·

169 762 229 816 tute
250 753 435 833 propositum
452 751 586 831 aliudque
601 752 674 812 ritae
689 749 866 846 praesidium
883 750 1020 829 quaerite.
1051 749 1096 810 sin
1113 757 1210 812 autem
1230 769 1282 811 ur-

169 839 300 901 banioris
316 846 402 900 notae
416 838 553 900 homines
570 835 721 898 sustinetis
737 853 855 914 semper
870 835 1000 908 mentiri,
1020 842 1098 896 reeta
1113 835 1148 896 ad
1165 835 1282 896 lucrum

169 924 294 988 curritis.
324 923 353 985 in
375 925 429 984 lrac
448 925 525 984 enim
547 923 619 984 urbe
637 939 698 982 non
713 920 873 982 litterarum
891 921 985 982 studia
1002 921 1198 992 celebrantur,
1218 939 1282 982 noo

170 1009 332 1090 eloquentie
348 1009 444 1070 locum
462 1009 556 1080 habet,
572 1026 633 1069 non
649 1006 798 1086 frugalitas
814 1006 965 1086 sanctique
979 1025 1079 1067 mores
1094 1006 1230 1068 lendibus
1245 1007 1282 1068 ad

168 1097 296 1158 irrrotum
314 1094 564 1176 pervenientem
581 1112 773 1172 quoscunque
789 1092 924 1153 homines
941 1093 969 1153 ιιι
986 1092 1040 1153 hac
1055 1092 1125 1153 urbo
1140 1090 1282 1166 videritis,

171 1182 278 1243 scitote
292 1182 320 1241 in
338 1181 410 1242 duas
427 1188 525 1259 partes
541 1198 607 1240 esse
623 1179 743 1241 divisos.
773 1196 840 1239 nam
857 1187 907 1240 aut
922 1185 1074 1256 captantur
1088 1185 1139 1238 aut
1153 1185 1282 1256 captant.

169 1268 198 1328 ιιι
220 1267 275 1328 lrac
295 1266 368 1327 urbe
388 1283 476 1326 nenio
492 1265 601 1327 liberos
617 1265 705 1337 tnllit,
726 1263 792 1344 quia
807 1263 942 1343 quisquis
959 1283 1031 1324 suos
1047 1263 1169 1323 heredes
1187 1263 1282 1337 habet,
1366 1309 1367 1318 ,

168 1370 231 1413 ιιοιι
247 1352 282 1413 ad
298 1369 399 1425 cenae,
415 1370 476 1412 non
493 1350 528 1412 ad
545 1351 707 1431 spectacula
724 1350 896 1422 admittitur,
911 1349 961 1411 sed
978 1349 1117 1409 omnibus
1133 1347 1281 1427 prohibe-

168 1447 219 1500 tur
233 1437 412 1505 commodis
433 1437 508 1499 inter
523 1437 739 1535 ignominiosos
755 1435 854 1498 latitat.
884 1435 933 1514 qui
948 1452 1016 1495 vero
1029 1453 1083 1495 nec
1098 1451 1207 1495 uxores
1223 1451 1280 1494 nn-

170 1541 256 1604 quam
279 1523 427 1584 duxerunt
414 1531 501 1584 tneo
521 1523 670 1602 proximas
690 1521 922 1584 necessitudines
945 1520 1065 1592 lrabe,nt
1086 1519 1121 1581 ad
1143 1537 1281 1581 summos

169 1609 300 1670 honores
317 1608 497 1686 perveniunt,
476 1609 541 1670 tid
557 1615 603 1669 est
617 1607 671 1669 soli
689 1607 836 1682 militares,
851 1606 905 1668 soli
919 1603 1075 1668 fortissimi
1090 1613 1177 1685 atque
1192 1606 1280 1666 etiam

167 1695 340 1757 innocentes
360 1693 513 1754 halreotur
545 1685 673 1754 odilritis'
694 1692 788 1772 inquit
802 1685 957 1772 ‘oppidum
977 1699 1114 1771 tanquam
1135 1691 1166 1752 in
1187 1690 1281 1770 pesti-

169 1779 257 1841 lentia
273 1797 405 1876 campos,
420 1778 450 1839 in
465 1779 572 1858 quibus
588 1778 661 1839 nilril
675 1778 750 1839 aliud
767 1785 813 1840 est
827 1778 885 1840 nisr
877 1778 1046 1852 cadavera,
1062 1795 1137 1857 quae
1148 1777 1281 1838 laceran-

168 1872 227 1940 tur,
242 1872 292 1926 aut
306 1865 395 1938 corvi,
409 1864 458 1945 qni
474 1854 609 1926 lacerant’

709 1957 731 1998 ιι

103 2043 162 2104 117
256 2034 429 2116 prudentior
443 2034 607 2113 Eumolpus
628 2032 772 2096 convertit
790 2034 825 2095 ad
846 2033 1003 2096 novitatem
1024 2034 1066 2095 rei
1084 2041 1213 2096 menum
1230 2055 1280 2115 ge-

171 2140 287 2202 nusque
306 2121 492 2182 divinationis
513 2120 568 2182 sihi
587 2137 648 2182 non
669 2119 821 2200 displicere
842 2121 997 2182 confessus
1023 2127 1077 2184 est
1112 2119 1203 2182 iocari
1226 2140 1279 2200 ego

171 2225 271 2270 senem
292 2207 406 2289 poetica
424 2207 537 2269 levitate
558 2205 727 2280 credebam,
749 2225 815 2268 eum
837 2197 905 2268 ille
913 2205 1024 2268 utinam
1042 2196 1173 2285 quidem’
1188 2209 1283 2288 inquit

166 2286 327 2356 ‘sufficeret
340 2292 447 2371 largior
461 2309 573 2362 scaena,
588 2291 617 2352 id
633 2299 679 2353 est
692 2291 781 2354 vestis
797 2292 961 2365 humanior,
976 2293 1205 2353 instrumentum
1217 2293 1278 2353 lau-

169 2378 246 2452 tius,
274 2379 354 2459 quod
377 2378 528 2457 praeheret
550 2376 704 2440 mendacio
728 2378 826 2438 tidem.
863 2395 924 2439 non
948 2377 1129 2439 mehercules
1152 2395 1277 2458 poenum

169 2465 255 2526 istarn
269 2464 425 2536 diiierrem,
442 2463 494 2524 sed
510 2462 651 2524 continuo
666 2481 719 2524 vos
734 2463 769 2524 ad
781 2481 902 2542 magnas
916 2483 987 2543 opes
1000 2463 1147 2524 ducerem.
1179 2463 1278 2544 atquin

169 2549 328 2630 promitto,
351 2549 486 2629 quicquid
503 2549 640 2626 exigeret,
657 2547 819 2609 dummodo
836 2548 972 2628 placeret,
987 2549 1076 2610 vestis
1091 2549 1214 2627 rapinae
1228 2569 1277 2611 co-

170 2654 244 2709 mes,
258 2642 288 2696 et
302 2633 439 2715 quiequid
453 2633 576 2713 Lycurgi
592 2633 655 2694 uilla
673 2633 874 2712 grassantibus
889 2635 1079 2714 praebuisset.
1103 2652 1171 2696 nam
1188 2653 1275 2696 num-

170 2738 237 2782 mos
252 2719 282 2781 in
298 2727 481 2800 praesentem
497 2735 585 2780 usum
601 2718 688 2780 deum
704 2725 827 2780 matrem
844 2737 899 2799 pro
915 2720 971 2781 tide
988 2739 1040 2782 sua
1055 2712 1250 2782 reddituram'

249 2881 335 2970 ‘quid
357 2880 439 2968 ergo'
459 2879 757 2986 inqnitEumolpus‘
764 2907 914 2953 cessamus
935 2891 1058 2954 mimum
1075 2889 1277 2970 componeret

167 2975 252 3038 facite
267 2994 338 3054 ergo
353 2995 401 3038 me
416 2975 582 3048 dominum,
604 2975 629 3036 si
645 2976 804 3055 negotiatio
819 2967 930 3057 plaeet’
960 2995 1048 3039 nemo
1064 2995 1153 3038 ausus
1169 2985 1217 3041 est
1231 2997 1274 3040 ar-

168 3069 226 3124 tem
246 3059 386 3124 dar'nnare
406 3061 479 3124 nihil
501 3061 689 3123 auferentem.
719 3062 815 3142 itaque
835 3069 868 3125 ut
889 3063 1027 3126 duraret'
1018 3070 1095 3124 rnter
1110 3081 1215 3126 omnes
1230 3073 1276 3127 tu·

167 3154 230 3208 tum
251 3147 479 3222 mendacium,'
471 3164 500 3207 ιιι
522 3146 608 3208 verba
628 3147 767 3227 Eumolpi
786 3156 999 3210 sacramentum
1019 3147 1194 3210 iuravimus.
1224 3150 1276 3222 uri,

167 3230 284 3305 uinciri,
303 3232 449 3294 verberari
468 3232 604 3312 ferroque
619 3233 730 3305 necari,
750 3241 780 3294 et
794 3234 930 3314 quiequid
947 3232 1022 3294 aliud
1036 3233 1202 3314 Eumolpus
1215 3235 1278 3297 ius-

168 3315 265 3376 sisset.
294 3323 432 3396 tanquam
448 3318 566 3398 legitimi
581 3317 755 3397 gladiatores
771 3318 892 3380 domino
909 3337 1032 3399 corpora
1044 3319 1215 3400 animasque
1229 3340 1277 3383 re-

166 3400 356 3480 ligiosissime
377 3403 548 3466 addicimus.
579 3412 651 3485 post
664 3412 814 3484 peractum
831 3413 1045 3467 sacramentum
1062 3405 1204 3467 serviliter
1218 3407 1277 3470 licti

168 3485 320 3547 dominum
337 3488 566 3561 consumamus,
583 3490 749 3570 elatumque
763 3490 799 3551 ab
816 3491 961 3587 Eumolpo
976 3489 1066 3551 lilium
1083 3491 1192 3572 pariter
1204 3512 1276 3555 corr·

168 3571 324 3645 discimus,
346 3572 478 3633 iuvenem
494 3573 619 3653 ingentis
635 3575 816 3655 eloquentiae
831 3583 861 3638 et
875 3575 952 3655 spei,
972 3574 1097 3656 ideoque
1112 3577 1148 3637 de
1163 3577 1277 3640 civitate

167 3677 219 3720 sua
240 3656 438 3720 miserrimum
459 3677 561 3722 senem
581 3661 689 3732 exisse,
711 3679 748 3722 oe
767 3669 817 3723 aut
838 3660 955 3722 clientes
975 3661 1150 3742 sodalesque
1164 3663 1225 3725 filii
1231 3664 1276 3726 sui

167 3751 218 3807 aut
239 3743 407 3823 sepulcrum
431 3742 562 3824 quotidie
583 3763 717 3808 caussam
736 3747 920 3809 lacrimarum
941 3755 1079 3809 cerneret.
1115 3750 1276 3811 accessisse

165 3828 236 3892 huic
249 3829 381 3893 tristitiae
395 3830 560 3910 proximum
577 3830 771 3910 uatdragium,
788 3851 846 3912 quo
861 3831 986 3912 amplius
1001 3833 1089 3895 vicies
1105 3836 1275 3898 sestertium

167 3915 306 3979 omiserit
337 3933 392 3978 neo
410 3916 493 3983 illum
508 3915 617 3982 iactum
633 3915 759 3990 moveri,
780 3918 831 3978 sed
847 3917 1017 3984 destitutum
1033 3919 1197 3986 ministerio
1213 3939 1276 3985 noo

316 4152 650 4308 han
