2762 4344
254 244 295 306 46
725 237 881 292 esruonu
952 320 953 326 Ν

199 399 238 462 82
338 395 411 458 baec
424 393 539 458 locutus
554 391 648 472 gladio
663 393 739 456 latus
755 393 866 474 cingor,
882 400 911 456 ιι
924 410 962 456 ιι
975 389 1131 454 infirmitas
1145 387 1280 450 militiam
1295 407 1355 468 per-

255 483 348 556 deret,
369 479 544 559 largioribus
561 479 632 541 cibis
649 481 742 542 exeito
758 480 844 542 vires.
875 499 945 542 mox
960 479 990 542 in
1005 475 1156 558 publicum
1171 474 1296 555 prosilio
1316 475 1355 536 lu·

254 567 403 646 rentisque
424 585 507 628 more
526 581 630 627 omnes
653 564 799 630 circumeo
815 567 957 645 porticus
987 563 1039 624 sed
1055 563 1125 624 dum
1141 562 1267 622 attonito
1284 562 1354 622 vultu

255 655 354 714 ellerta
343 661 431 732 toque
451 651 522 714 nihil
541 651 617 716 aliud
637 671 723 732 quam
747 653 864 726 caedem
880 660 909 716 e
924 649 1096 728 sanguinem
1113 647 1208 726 cogito
1223 647 1354 726 frequen·

255 741 372 819 tiusque
392 757 511 800 manum
528 739 564 799 ad
580 739 731 834 capulum,
752 757 839 817 quem
855 739 1042 809 devoveram,
1061 735 1171 809 refero,
1190 734 1305 794 notavit
1318 753 1354 794 ma

255 825 388 898 miles,
365 844 424 886 sive
439 824 485 884 ille
500 823 604 903 planus
620 825 675 886 fuit
663 823 750 885 tsive
762 832 926 888 nocturnus
942 829 1100 902 grassator,
1117 828 1146 880 ιι
1157 813 1241 922 quid
1257 810 1303 880 tu'
1318 820 1353 878 in-

256 911 317 992 quit
305 903 515 982 tcommilit,o
538 929 572 970 ex
593 929 649 1006 qua
669 910 785 988 legione
800 930 831 972 es
847 918 897 974 au
912 927 995 972 curus
1011 897 1176 970 ιιιιιιιιιιφ
1206 924 1277 968 cum
1292 924 1352 966 ιιι-

255 1004 333 1058 stant
334 997 434 1058 issima
449 1002 478 1058 et
493 995 694 1057 centurionem
710 1003 739 1056 et
752 996 897 1074 legionem
913 1013 1009 1056 essem
1026 992 1133 1054 ementi
1135 998 1194 1065 tus,
1205 983 1273 1069 ‘age
1288 1011 1348 1068 ergo

255 1084 350 1163 inquit
375 1073 452 1143 ille
461 1082 491 1142 in
510 1082 638 1143 exercitu
656 1089 751 1142 vestro
768 1083 943 1160 phaecasiati
959 1079 1033 1142 milit
1021 1087 1065 1140 tes
1081 1077 1232 1139 ambulant
1235 1037 1269 1138 ¹⁶}
1299 1096 1354 1138 cun

255 1169 359 1232 deinde
379 1167 461 1230 vultu
480 1175 509 1228 at
510 1187 566 1246 que
583 1167 649 1248 ipsa
662 1167 857 1247 trepidatione
872 1166 1056 1230 mendacium
1071 1164 1288 1244 prodidissem,
1310 1182 1354 1242 po-

254 1274 324 1317 nere
345 1273 389 1314 mo
408 1253 494 1314 iussit
509 1271 589 1316 arma
604 1261 633 1316 e
620 1253 724 1316 tmalo
741 1273 849 1316 cavere.
880 1252 1060 1333 despoliatus
1075 1269 1155 1329 ergo,
1170 1249 1266 1310 immo
1282 1267 1353 1328 prae-

256 1343 317 1404 cisa
338 1341 508 1402 ultionet
464 1347 508 1400 ret
509 1359 542 1402 ro
559 1341 595 1400 ad
610 1340 808 1402 deversorium
825 1340 914 1402 tendo
930 1337 1128 1418 paulatimque
1141 1336 1308 1398 temeritate
1322 1335 1354 1396 la·

255 1436 304 1489 xat
305 1446 321 1488 a
337 1427 420 1507 coepi
436 1427 610 1506 grassatoris
626 1425 759 1488 audaciae
775 1427 882 1506 gratias
898 1443 983 1504 agere

794 1539 814 1581 ιιι

399 1655 461 1698 ιιι
475 1633 548 1698 bibit
563 1637 639 1698 inter
654 1655 742 1716 aquas
758 1653 848 1716 poma
864 1641 914 1696 aut
928 1633 1084 1716 pendentia
1102 1633 1197 1714 carpit

306 1793 308 1798 ¹
444 1723 582 1784 Tantalus
598 1723 710 1796 infelix,
728 1740 814 1802 quem
830 1739 883 1782 sua
897 1730 963 1783 vota
979 1727 1126 1801 premunt.

399 1807 494 1870 divitis
510 1810 582 1870 haec
596 1809 694 1886 magni
708 1808 796 1868 facies
813 1807 879 1880 erit,
897 1807 995 1868 omnia
1013 1823 1137 1868 cernens

442 1895 491 1974 qui
507 1903 585 1956 tenet
600 1903 629 1956 ιι
644 1894 721 1956 ιιιιι
739 1893 897 1974 concoquit
912 1912 963 1955 ore
976 1894 1094 1954 famem.

341 2053 403 2096 uon
417 2036 674 2115 multumoportet
690 2032 812 2095 consilio
829 2033 954 2107 credere,
970 2033 1037 2112 quia
1052 2049 1137 2094 suam
1148 2028 1240 2091 habet
1251 2029 1357 2092 ιιιιιιι

256 2121 400 2184 rationem

796 2233 817 2274 ιι

201 2290 240 2355 83
342 2293 372 2355 ιι
394 2293 614 2372 pinacothecam
634 2292 753 2371 perveni
776 2291 856 2352 vario
879 2308 984 2368 genere
1005 2289 1173 2352 tabularum
1194 2288 1356 2350 mirabilem.

257 2397 324 2440 nam
345 2386 373 2439 ιι
392 2379 535 2442 Zeuxidos
556 2396 661 2438 manus
683 2377 740 2438 vidi
762 2377 896 2438 nondum
916 2376 1067 2438 vetustatis
1090 2375 1196 2438 iniuria
1210 2376 1319 2447 victas,
1338 2383 1355 2432 et

256 2465 329 2526 Prot
317 2465 431 2543 togenis
455 2465 620 2526 rudimenta
647 2481 713 2522 cum
737 2462 831 2542 ipsius
851 2467 970 2523 naturae
996 2461 1069 2522 verit
1057 2468 1115 2522 tate
1140 2462 1283 2522 certantia
1307 2477 1357 2520 non

257 2551 321 2610 ιιιι
337 2551 462 2628 quodam
478 2550 604 2611 horrore
619 2547 746 2609 tractavi.
776 2548 834 2608 iam
855 2565 922 2608 vero
942 2548 1064 2629 Apellis,
1084 2565 1172 2626 quam
1189 2546 1292 2608 Graeci
1305 2564 1358 2624 μι-

160 2691 164 2699 ,
256 2628 365 2781 vdtpavq
352 2654 414 2713 ιιι
429 2636 586 2714 appellen
607 2634 694 2695 etiam
710 2633 878 2694 adoravit
865 2640 950 2694 anta
961 2653 1038 2695 enim
1055 2631 1361 2694 subtilitateextremi-

256 2726 330 2781 tates
347 2719 505 2799 imaginum
522 2727 604 2782 erant
592 2719 655 2782 tad
670 2720 770 2780 similit
771 2719 888 2780 udinem
904 2721 1112 2798 praecisae,ut
1081 2720 1265 2780 utcrederes
1279 2715 1359 2776 etiam

257 2805 422 2867 animorum
436 2825 501 2866 esse
513 2806 665 2884 picturam.
691 2805 760 2866 binc
771 2805 863 2884 aquila
874 2805 986 2866 ferebat
997 2805 1076 2866 caelo
1089 2804 1225 2866 sublimis
1236 2804 1359 2864 Idaeum

255 2892 334 2954 illinc
350 2892 490 2954 candidus
507 2892 593 2972 Hylas
609 2891 766 2970 repellebat
780 2891 947 2970 improbam
963 2891 1063 2953 Naida.
1094 2889 1253 2952 damnabat
1264 2887 1359 2983 Apollo

256 2978 358 3040 noxias
376 2996 481 3040 manus
496 2978 647 3058 lyramque
661 2978 819 3038 resolutam
835 2977 992 3038 modo
942 2985 1010 3038 na
994 2977 1099 3038 flore
1114 2975 1292 3036 honorabat
1323 2975 1359 3034 in·

256 3072 301 3126 ter
321 3083 396 3144 quos
418 3065 504 3126 etiam
523 3065 671 3144 pictorum
693 3062 852 3124 amantium
874 3063 934 3124 vult
922 3070 969 3124 tus
989 3071 1127 3158 tanquam
1154 3061 1185 3123 in
1209 3060 1359 3122 solitudine

258 3142 448 3212 exclamavi:
452 3169 521 3228 ergo
539 3169 622 3212 amor
637 3157 666 3210 et
667 3149 724 3210 iam
740 3150 811 3210 deos
827 3148 926 3244 tangit.
956 3148 1086 3227 luppiter
1100 3147 1223 3210 incaelo
1238 3165 1297 3208 suo
1309 3162 1361 3206 non

257 3237 366 3296 invenit
380 3237 460 3321 quod
476 3236 618 3314 diligeret
594 3235 688 3296 tsed
709 3243 809 3314 peccat
811 3253 882 3296 urus
902 3234 1033 3296 interris
1050 3233 1161 3295 nemini
1175 3240 1276 3294 tamen
1291 3232 1360 3292 iniu·

257 3321 331 3381 riam
351 3321 427 3383 fecit.
407 3313 548 3402 tllylan
564 3322 698 3401 Nympha
712 3320 871 3400 praedata
864 3327 1037 3398 imperasset
1051 3318 1144 3380 amori
1161 3337 1233 3392 ιιι,
1257 3319 1284 3378 ιι
1299 3336 1361 3378 ren-

257 3412 356 3466 tumm
373 3407 408 3467 ad
423 3407 611 3469 interdictum
627 3407 780 3469 Herculem
798 3405 978 3468 credidisset.
1008 3404 1112 3485 Apollo
1128 3423 1213 3484 pueri
1206 3405 1362 3466 umbram

256 3491 402 3554 revocavit
416 3493 446 3552 in
461 3493 617 3568 ιιιιιιιι,ιι
589 3512 732 3555 eomnes
744 3492 856 3554 labulae
868 3511 986 3588 quoque
998 3492 1062 3552 sine
1074 3491 1188 3552 aemulo
1202 3490 1364 3552 habuerunt

258 3577 438 3681 complexus.
483 3585 512 3639 at
531 3598 585 3658 ego
606 3579 635 3640 in
652 3579 820 3642 societatem
836 3578 932 3658 recepi
948 3578 1096 3658 hospitem
1111 3577 1246 3656 lycurgo
1264 3576 1364 3638 crude·

256 3655 380 3726 liorem?

343 3769 409 3811 ιιιι
425 3756 536 3825 autem,
555 3740 609 3828 ego
627 3750 697 3812 dum
713 3770 779 3812 cum
795 3748 888 3812 ventis
903 3747 945 3809 lit‘
924 3756 994 3827 ugo,
1009 3747 1052 3809 int
1053 3747 1126 3810 ravit
1140 3748 1364 3827 pinacothecam

258 3854 346 3898 senex
362 3855 450 3899 canus
466 3835 613 3900 exercitati
629 3836 723 3900 vrdtus
740 3837 831 3916 etqui
853 3835 998 3896 videretur
1017 3834 1116 3897 nescio
1138 3835 1209 3913 quid
1227 3852 1364 3912 magnum

256 3923 436 4005 promittere,
461 3923 512 3986 sed
537 3923 614 3986 cultu
634 3940 696 3985 non
714 3922 839 4003 proinde
862 3921 1030 4000 speciosus,
1056 3928 1089 3983 ut
1107 3921 1191 3984 facile
1211 3927 1367 4002 appareret
