2728 4344
219 251 260 317 92
694 250 850 308 Puruoull

217 405 366 470 tissimum
385 424 450 468 osse
468 406 635 482 affirmavit,
655 407 736 488 quod
755 406 845 470 biduo
859 405 919 470 iam
934 407 1032 469 nitido
1046 406 1219 472 defuissem.
1251 419 1326 474 recte

219 511 288 571 ergo
304 509 352 554 me
365 491 521 570 iaetruum,
537 494 563 555 si
577 495 793 556 excusationem
807 493 931 572 aliquam
942 492 1078 555 idoneam
1090 513 1324 575 praeparassem.

218 577 267 640 vix
281 576 359 640 enim
374 596 464 657 posse
479 579 549 654 lieri,
565 586 598 642 ut
611 579 704 641 rabies
719 577 871 640 irascentis
886 578 950 640 sine
965 579 1084 640 verbere
1099 581 1276 644 consideret

756 675 778 716 e

151 743 211 806 140
303 753 437 809 matrona
453 749 528 810 inter
538 750 649 828 primas
661 749 796 822 honesta,
812 748 973 810 Philomela
984 750 1115 825 nomine,
1131 769 1207 830 quae
1220 753 1324 814 multas

220 849 308 910 saepe
326 832 502 896 hereditates
522 835 619 898 officio
640 835 742 896 aetatis
762 840 937 907 extorserat,
956 841 1115 897 tum'anus
1130 836 1264 898 attioris
1280 857 1324 899 ex-

218 916 314 991 tincti,
328 918 420 978 lilium
435 919 581 999 filiamque
597 919 746 997 ingerebat
761 919 840 980 orbis
856 918 987 993 senibus,
1003 927 1032 981 et
1045 939 1098 999 per
1112 921 1190 982 hanc
1205 925 1323 984 succes-

219 1002 334 1064 sionem
349 1011 441 1064 artem
457 1022 542 1066 suam
556 1003 759 1083 perseverabat
773 1005 937 1066 extendere.
967 1023 1000 1066 ea
1014 1023 1084 1085 ergo
1096 1006 1131 1068 ad
1143 1007 1321 1088 Eumolpum

217 1088 297 1150 venit
316 1094 345 1149 et
363 1090 569 1152 commendare
588 1089 697 1152 liberos
718 1108 789 1152 suos
810 1089 874 1152 eius
889 1090 1061 1170 prudentiae
1075 1091 1265 1172 bonitatique

217 1174 335 1238 credere
350 1193 382 1236 se
397 1180 426 1235 et
438 1181 503 1236 vota
518 1193 579 1236 sua.
609 1175 691 1236 illum
707 1194 773 1236 esse
787 1175 884 1238 solum
899 1175 930 1237 in
942 1183 1005 1238 toto
1018 1175 1090 1236 orbe
1101 1183 1264 1254 terrarum,
1280 1179 1321 1258 qui

216 1259 378 1340 praeceptis
399 1259 486 1320 etiam
507 1259 672 1324 salubribus
690 1260 836 1322 instruere
856 1261 975 1322 iuvenes
995 1261 1126 1340 quotidie
1144 1271 1264 1341 posset.
1292 1265 1320 1324 ad

217 1363 375 1419 summam,
390 1344 601 1423 relinquere'se
614 1364 723 1424 pueros
739 1346 770 1406 in
786 1345 876 1406 domo
891 1345 1039 1425 Eumolpi,
1054 1353 1087 1408 ut
1101 1345 1183 1408 illum
1197 1347 1320 1428 loquen-

216 1438 275 1491 tem
291 1429 438 1504 audirent,
454 1449 527 1509 quae
542 1431 603 1492 sola
618 1437 723 1510 posset
738 1431 884 1492 hereditas
899 1430 1054 1494 iuvenibus
1070 1432 1141 1494 dari.
1171 1450 1233 1494 nec
1248 1435 1321 1496 aliter

215 1515 284 1576 lecit
297 1535 332 1577 ac
346 1515 466 1591 dixerat,
482 1516 629 1596 filiamque
644 1515 894 1596 speciosissimam
909 1515 1080 1580 cumfratre
1093 1517 1212 1598 ephebo
1230 1517 1262 1582 iu
1277 1538 1320 1580 ou·

216 1599 313 1662 biculo
329 1600 446 1680 reliquit
460 1600 661 1681 simulavitque
675 1621 707 1664 se
722 1601 754 1663 in
768 1601 912 1681 templum
925 1601 969 1662 ire
983 1603 1018 1662 ad
1034 1609 1101 1663 rota
1115 1606 1320 1684 nuncupanda.

216 1684 394 1764 Eumolpus,
416 1685 466 1764 qui
484 1691 546 1748 tam
564 1687 641 1765 frugi
663 1693 724 1748 erat
742 1693 775 1748 ut
793 1687 833 1748 illi
854 1686 939 1748 etiam
955 1705 1008 1766 ego
1024 1705 1097 1766 puer
1111 1687 1244 1763 uiderer,
1266 1707 1320 1752 noa

218 1770 330 1832 distulit
349 1769 476 1850 puellam
494 1770 615 1833 invitare
634 1772 670 1832 ad
690 1770 828 1851 pigiciaca
848 1790 939 1833 sacra.
970 1772 1022 1833 sed
1042 1779 1071 1833 et
1084 1773 1280 1852 podagricum
1295 1795 1321 1835 se

218 1875 284 1917 esse
297 1854 525 1934 lumborumque
540 1856 703 1918 solutorum
720 1855 860 1917 omnibus
876 1855 999 1931 dixerat,
1015 1864 1044 1918 et
1059 1857 1160 1919 sinon
1177 1867 1321 1921 servasset

217 1941 359 2020 integram
388 1940 617 2016 similationem,
645 1940 863 2021 periclitabatur
893 1949 988 2004 totam
1019 1960 1112 2021 paene
1143 1947 1318 2022 tragoediam

217 2034 353 2088 evertere.
383 2027 479 2104 itaque
495 2035 527 2087 ut
542 2032 690 2088 constaret
704 2026 857 2087 mendacio
873 2028 957 2104 tides,
972 2027 1098 2107 puellam
1115 2027 1239 2107 quidem
1255 2050 1319 2092 exo-

217 2115 303 2185 ravit,
319 2118 352 2173 ut
366 2111 479 2172 sederet
495 2130 584 2192 supra
600 2112 834 2174 commendatam
850 2112 1020 2186 bonitatem,
1036 2111 1137 2174 Coraci
1151 2120 1253 2176 autern
1268 2116 1317 2176 im-

216 2197 341 2278 peravit,
361 2203 395 2258 ut
408 2197 531 2272 lectum,
550 2198 580 2259 in
595 2217 653 2277 quo
669 2199 734 2277 ipse
749 2197 872 2271 iacebat,
888 2197 1000 2260 subiret
1014 2197 1179 2277 positisque
1193 2198 1225 2259 in
1243 2201 1317 2281 pari·

216 2290 315 2344 mento
336 2283 473 2344 manibus
494 2283 647 2344 dominum
665 2282 773 2344 lumbis
792 2283 855 2346 suis
874 2290 1083 2346 commoveret
1115 2283 1162 2346 ille
1176 2284 1258 2348 lente
1272 2305 1316 2366 pa·

216 2369 298 2430 rebat
317 2366 442 2448 imperio
462 2368 631 2449 puellaeque
649 2367 802 2430 artificium
823 2369 885 2448 pari
905 2375 989 2430 motu
1007 2369 1226 2432 remunerabat.
1259 2389 1314 2433 cun

217 2472 286 2532 ergo
308 2471 355 2514 res
375 2453 411 2514 ad
431 2453 566 2516 ellectum
585 2461 745 2533 spectaret,
761 2453 835 2514 clara
849 2453 1013 2536 Eumolpus
1028 2472 1099 2515 voce
1113 2455 1315 2519 exhortabatur

217 2538 339 2612 Coraca,
361 2543 394 2598 ut
413 2537 555 2617 spissaret
573 2537 713 2600 officium.
743 2539 787 2598 sie
801 2537 877 2600 inter
890 2541 1125 2602 mercennarium
1140 2540 1317 2622 amicamque
1353 2551 1354 2596 l

217 2625 332 2705 positus
351 2640 440 2683 senex
459 2623 545 2684 veluti
565 2623 745 2685 oscillatione
764 2622 890 2686 ludebat.
918 2625 976 2686 boc
991 2626 1082 2686 semel
1095 2625 1262 2706 iterumque
1273 2629 1314 2688 in-

217 2708 297 2788 genti
311 2708 384 2780 risu,
401 2706 487 2768 etiam
503 2725 567 2780 suo,
583 2707 747 2787 Eumolpus
761 2707 877 2770 fecerat.
906 2708 1002 2791 itaque
1013 2729 1066 2790 ego
1079 2728 1207 2791 quoque,
1223 2731 1258 2774 ne
1268 2712 1313 2772 de-

217 2793 290 2856 sidia
310 2791 552 2854 consuetudinem
572 2793 739 2873 perderem,
761 2791 831 2854 dum
850 2793 940 2856 irater
959 2797 1072 2858 sororis
1088 2814 1158 2858 snae
1174 2804 1317 2859 automata

217 2897 272 2960 per
290 2877 452 2940 clostellum
473 2878 610 2952 miratur,
636 2878 746 2941 accessi
760 2885 939 2955 tentaturus,
959 2901 996 2943 an
1010 2887 1160 2962 pateretur
1176 2882 1316 2944 iniuriam.

217 2982 273 3027 nec
287 2983 320 3026 se
335 2963 471 3025 reiciebat
485 2982 502 3026 a
516 2963 662 3028 blanditiis
677 2963 866 3030 doctissimus
877 2983 960 3047 puer,
975 2967 1027 3030 sed
1039 2986 1086 3028 me
1097 2985 1209 3030 numen
1222 2969 1316 3030 inimi·

217 3069 284 3113 cum
300 3049 339 3113 ibi
354 3067 472 3129 quoque
484 3049 595 3112 invenit

753 3143 775 3186 e

297 3212 349 3281 ‘dii
364 3217 491 3281 maiores
507 3223 585 3292 sunt,
601 3217 650 3299 qui
665 3237 713 3282 me
727 3221 919 3284 restituerunt
932 3221 963 3282 iu
976 3220 1133 3301 integrum.
1158 3221 1317 3286 llercurius

217 3303 308 3378 enim,
328 3304 377 3384 qui
397 3305 508 3367 animas
528 3305 635 3366 ducere
653 3311 682 3366 et
695 3307 834 3370 reducere
849 3307 936 3378 solet,
955 3306 1017 3368 suis
1032 3305 1180 3370 beneficiis
1195 3310 1318 3372 reddidit

216 3387 302 3464 milri,
323 3391 402 3468 quod
416 3409 520 3452 manus
535 3389 609 3452 irata
624 3392 816 3470 praeciderat,
836 3400 869 3453 ut
883 3391 957 3452 scias
973 3410 1021 3452 me
1035 3393 1241 3472 gratiosiorem
1257 3413 1317 3456 esse

218 3491 306 3554 quam
321 3474 516 3538 Protesilaum
531 3483 582 3538 aut
597 3494 772 3558 quemquam
787 3477 875 3540 aliurn
891 3470 1096 3555 antiquorum?
1118 3480 1190 3541 baec
1204 3478 1316 3543 loeutus

218 3558 322 3622 sustuli
341 3558 471 3622 tunicam
490 3561 695 3642 Eumolpoque
713 3580 762 3624 me
781 3569 876 3624 totum
897 3561 1064 3641 approbari.
1098 3571 1128 3626 at
1152 3563 1201 3625 ille
1222 3567 1316 3646 primo

218 3645 377 3719 exhorruit,
393 3645 497 3708 deinde
510 3647 717 3728 utplurimum
732 3648 872 3721 crederet,
887 3653 1008 3726 utraque
1023 3665 1111 3712 manu
1127 3649 1254 3714 deorum
1268 3652 1317 3714 be·

108 3818 110 3824 ¹
217 3731 318 3793 neiicia
331 3737 437 3793 tractat

298 3890 467 3973 ‘S·ocrates‚
494 3899 616 3962 mortun
638 3827 849 3978 bominddrque
863 3941 870 3959 .
884 3943 891 3959 .
904 3942 926 3973 .,
952 3901 1068 3980 gloriari
1088 3903 1213 3981 solebat,
1240 3905 1317 3986 quod

293 4076 936 4308 m
