2762 4344
570 289 714 346 sarman
1155 302 1196 365 55

80 454 179 520 verat,
199 446 393 527 favebamque
412 465 466 526 ego
482 447 636 527 vapulanti.
666 448 754 514 Giton
770 455 940 513 autemnon
955 451 1064 515 oblitus
1079 453 1196 517 miseri-

79 535 201 594 cordiae
218 553 291 594 suae
306 535 495 594 reserandum
510 553 576 594 esse
591 534 700 596 ostium
717 538 1008 618 succurrendumque
1022 539 1197 620 periclitanti

82 619 233 680 censebat
255 637 311 697 ego
320 620 443 680 durante
455 620 551 680 adbuc
561 620 708 696 iracundia
720 639 780 682 non
792 623 923 685 continui
935 642 1068 698 menum,
1081 627 1133 688 sed
1146 645 1195 688 oa·

80 713 134 785 put
147 705 320 784 miserantis
332 706 434 767 stricto
447 712 591 784 acutoque
603 705 724 768 articulo
737 708 879 787 percussi.
896 717 925 769 et
936 708 983 770 ille
992 712 1110 789 quidem
1123 711 1196 774 flens

82 791 220 852 consedit
239 791 270 851 in
290 791 376 852 lecto.
406 809 460 869 ego
480 797 576 851 antem
592 792 721 852 alternos
737 793 925 873 opponebam
939 793 1077 858 foramini
1093 797 1196 860 oculos

81 876 251 955 iniuriaque
279 875 414 954 Eumolpi
442 875 520 936 velut
538 876 666 955 quodam
688 877 752 938 cibo
779 898 827 940 me
853 879 999 958 replebam
1028 881 1196 944 advocatio-

81 981 211 1040 nemque
222 961 479 1034 commendabam,
496 979 561 1022 oum
575 971 751 1041 procurator
761 964 873 1039 insulae
884 964 1020 1044 Bargates
1034 986 1050 1028 a
1063 985 1133 1029 cena
1146 985 1196 1029 ex-

85 1049 186 1110 citatus
216 1067 233 1108 a
257 1047 372 1108 duobus
392 1047 544 1109 lecticariis
565 1047 594 1108 in
610 1049 737 1110 mediam
757 1049 849 1112 rixam
871 1051 1031 1130 profertum
1051 1069 1119 1113 nam
1136 1061 1198 1116 erat

87 1134 168 1194 etiam
184 1132 314 1213 pedibus
329 1151 424 1211 aeger.
454 1133 479 1194 is
499 1140 532 1194 ut
545 1133 661 1195 rabiosa
675 1133 857 1214 barbaraque
871 1155 943 1198 noce
957 1137 988 1197 in
1003 1136 1102 1198 ebrios
1117 1138 1197 1218 fugi-

86 1219 218 1297 tiuosque
234 1218 284 1278 diu
300 1217 456 1297 peroravit,
472 1219 634 1298 respiciens
648 1220 684 1280 ad
700 1221 867 1300 Eumolpon
880 1212 910 1281 ‘o
923 1212 1086 1301 poetarum’
1101 1221 1197 1302 inquit

79 1297 299 1379 ‘disertissime
314 1311 347 1364 tu
363 1301 450 1365 erasi
465 1311 493 1366 et
508 1322 569 1365 non
585 1304 740 1367 discedunt
755 1307 837 1367 ocius
852 1307 1026 1387 nequissimi
1040 1308 1116 1369 servi
1131 1325 1195 1370 me·

79 1407 199 1470 nusque
215 1389 399 1450 continente
415 1379 512 1450 riual'

626 1485 647 1526 ea

162 1551 397 1622 ‘contubernalis
412 1579 478 1620 mea
492 1559 564 1621 mibi
579 1561 688 1623 fastum
703 1553 780 1624 facit.
802 1563 853 1636 ita,
870 1561 895 1622 si
906 1579 955 1625 me
966 1581 1058 1639 emas,
1073 1563 1196 1626 maledic

78 1648 158 1710 illam
174 1646 324 1720 versibus,
340 1654 374 1706 ut
388 1646 492 1707 habeat
506 1640 664 1725 pudorem'

626 1744 647 1784 aa

165 1818 242 1880 dum
258 1817 420 1897 Eumolpus
439 1835 505 1878 oum
521 1817 643 1896 Bargate
660 1817 690 1877 in
711 1825 823 1879 secreto
838 1817 976 1897 loquitur,
991 1817 1081 1880 intrat
1094 1818 1195 1882 stebu-
1211 1826 1251 1890 97

77 1907 138 1968 lum
154 1923 268 1984 praeco
290 1921 355 1964 curn
375 1921 459 1963 servo
475 1903 592 1982 publico
608 1903 721 1983 aliaque
736 1921 806 1965 sane
820 1903 937 1964 modica
952 1904 1128 1984 frequentia,
1149 1905 1195 1979 la·

79 2009 207 2070 comque
221 1991 371 2050 fumosam
388 1988 481 2067 magis
497 2007 584 2068 quam
601 1989 727 2050 lucidam
744 2007 889 2069 quassans
905 1989 977 2051 baec
991 1990 1195 2069 proclamavit:

75 2071 162 2158 ‘puer
184 2076 216 2136 in
238 2075 341 2136 balneo
362 2075 450 2154 paulo
471 2083 538 2135 ante
558 2074 715 2144 aberravit,
737 2091 883 2135 annorum
900 2075 1053 2155 circair‘v'r,
1073 2075 1197 2154 crispus,

79 2163 199 2232 mollis,
220 2161 387 2231 formosus,
406 2159 526 2220 nomine
548 2159 646 2223 Giton.
676 2158 701 2219 si
721 2160 787 2238 quis
809 2177 876 2220 eum
898 2159 1020 2220 reddere
1042 2166 1091 2221 eut
1113 2177 1197 2220 com-

81 2255 254 2308 monstrare
275 2245 412 2319 volnerit,
427 2244 549 2323 accipiet
569 2261 710 2304 nummos
725 2234 821 2305 mille?
851 2262 906 2305 nec
919 2243 1006 2322 longe
1021 2263 1037 2305 a
1052 2263 1197 2323 praecone

83 2333 219 2413 Ascyltos
242 2331 336 2392 stabat
351 2331 474 2392 amictus
490 2329 648 2391 discoloria
663 2336 744 2390 veste
759 2337 845 2408 atque
859 2328 889 2389 in
904 2329 985 2390 lauoc
1000 2337 1134 2408 argentea
1149 2329 1197 2390 in-

84 2420 193 2480 dicium
215 2425 245 2478 et
261 2417 348 2478 fidem
364 2415 552 2496 praeferebat.
582 2415 722 2495 imperari
739 2413 853 2488 Gitoni,
874 2421 906 2476 ut
920 2413 1029 2494 raptim
1045 2415 1197 2494 grabatum

89 2504 197 2566 subiret
212 2509 440 2582 annecteretque
455 2501 544 2581 pedes
559 2509 588 2562 et
601 2519 708 2563 manus
724 2500 841 2575 institis,
857 2501 964 2580 quibus
979 2501 1094 2582 sponda
1107 2501 1197 2563 culci-

90 2598 147 2650 tam
161 2589 283 2660 lercbat,
300 2607 333 2648 ac
349 2589 391 2649 sic
406 2595 439 2650 ut
453 2587 522 2648 olim
538 2587 633 2649 Vlixes
651 2605 706 2666 pro
721 2633 728 2648 .
742 2633 748 2648 .
763 2632 770 2648 .
786 2586 868 2650 arieti
883 2587 1075 2660 adhaesisset,
1095 2594 1196 2650 exten-

84 2683 133 2737 tus
153 2675 231 2736 infra
251 2672 402 2752 grabatum
423 2673 616 2734 scrutantium
637 2673 767 2736 eluderet
786 2691 901 2735 manus.
927 2691 989 2734 non
1005 2681 1051 2735 est
1064 2681 1197 2736 moratus

83 2762 176 2822 Giton
197 2759 354 2839 imperium
377 2764 587 2839 momentoque
605 2759 749 2839 temporis
769 2760 893 2821 inseruit
911 2758 1027 2821 vinculo
1048 2777 1155 2821 manus
1170 2765 1199 2820 et

83 2847 197 2908 Vlixem
219 2853 285 2906 astu
307 2844 455 2910 simillimo
471 2844 549 2906 vicit.
580 2863 633 2923 ego
654 2863 692 2905 ne
708 2845 867 2925 suspitioni
883 2845 1077 2924 relinquerem
1092 2845 1198 2917 locum,

81 2930 225 2994 lectulum
239 2930 421 2991 vestimentis
436 2930 552 3009 implevi
566 2931 713 3009 uniusque
727 2931 857 2990 hominis
872 2929 1026 3008 vestigium
1042 2931 1077 2990 ad
1090 2945 1197 3008 corpo·

80 3020 125 3080 ris
143 3017 202 3079 mei
218 3034 387 3077 mensnram
403 3015 531 3094 figuravi.

173 3101 287 3163 interim
303 3101 435 3181 Ascyltos
450 3107 484 3161 ut
499 3099 658 3180 pererravit
673 3115 778 3160 omnes
793 3115 860 3160 oum
875 3097 987 3158 viatore
1001 3096 1102 3170 cellas,
1119 3096 1199 3159 venit

82 3190 120 3252 ad
138 3207 251 3259 meam,
275 3194 303 3247 et
317 3187 375 3248 hoc
390 3187 508 3265 quidem
524 3187 685 3267 pleniorem
702 3203 785 3266 spem
802 3183 944 3264 concapit,
960 3199 1018 3262 quo
1031 3181 1197 3262 diligentius

83 3273 292 3354 oppessulatas
308 3271 419 3333 invenit
432 3273 521 3333 fores.
553 3273 685 3352 publicus
698 3289 769 3333 vero
782 3285 883 3332 servus
895 3268 1043 3331 insertans
1056 3269 1197 3330 commis·

82 3359 169 3422 suris
190 3377 306 3419 secures
327 3359 521 3420 claustrorum
537 3357 704 3420 firmitatem
720 3353 830 3418 laxavit.
861 3371 914 3432 ego
930 3353 965 3416 ed
981 3369 1074 3434 genua
1090 3354 1199 3436 Ascylti

81 3444 232 3527 procubui
247 3451 276 3504 et
290 3463 343 3523 per
358 3444 532 3505 memoriam
549 3443 690 3504 amicitiae
705 3457 813 3522 perque
829 3437 997 3502 societatem
1014 3439 1198 3502 miseriarum

82 3530 172 3612 petii,
192 3538 225 3592 ut
240 3529 341 3590 saltem
358 3530 527 3591 ostenderet
541 3525 672 3590 fratrem.
703 3526 795 3588 immo
811 3531 843 3587 ut
858 3524 944 3588 lidern
961 3525 1102 3588 baberent
1117 3525 1199 3586 fictae

82 3635 208 3697 preces,
225 3605 304 3676 ‘scio
320 3606 362 3676 te'
377 3616 497 3694 inquam
509 3605 644 3692 ‘Ascylte
661 3611 696 3674 nd
714 3609 905 3675 occidendum
921 3630 969 3675 mo
984 3611 1108 3673 venisse.
1139 3627 1198 3688 quo

84 3703 168 3764 enim
185 3719 302 3762 secures
318 3699 462 3762 attulisti?
488 3699 584 3779 itaque
600 3697 671 3760 satin
687 3696 864 3762 iracundiam
880 3705 974 3761 tuam:
990 3694 1117 3778 praebeo
1133 3712 1199 3756 ecce

86 3787 241 3860 cervicem,
256 3787 347 3848 funde
363 3785 545 3864 sanguinem,
561 3800 646 3864 quarn
660 3781 715 3848 sub
728 3791 878 3866 praetextu
891 3779 1070 3864 quaestionis
1083 3771 1200 3857 petisti?

86 3873 230 3935 amolitur
245 3872 378 3952 Ascyltos
398 3870 535 3933 invidiam
562 3877 591 3932 et
611 3887 642 3932 so
663 3887 730 3932 voro
752 3869 823 3934 nibil
843 3868 917 3932 allud
939 3884 1025 3948 quam
1045 3863 1200 3944 fugitivum

87 3977 179 4021 suum
196 3956 267 4019 dixit
282 3976 431 4037 quaerere,
446 3963 573 4022 mortem
588 3973 643 4020 noo
654 3955 782 4020 bominis
795 3952 972 4034 concupisse
982 3967 1037 4014 noo
1048 3950 1200 4032 supplicis,
