2728 4344
528 1445 542 1508 l

124 1527 275 1609 Carminis
291 1544 433 1625 incompti
446 1544 529 1608 lusus
543 1545 652 1607 lecture
666 1563 819 1626 procaces,

170 1630 347 1694 conveniens
363 1630 444 1692 Latio
460 1649 538 1711 pono
553 1631 750 1711 supercilium.

123 1734 189 1778 uon
205 1734 293 1777 soror
306 1717 365 1778 hoc
378 1715 489 1778 habitat
503 1715 627 1789 Phoebi,
644 1733 706 1779 non
720 1717 806 1779 Vesta
821 1715 940 1789 sacello,

168 1819 224 1862 nec
239 1818 312 1880 quae
326 1801 363 1862 de
377 1801 472 1881 patrio
488 1802 593 1863 vertice
607 1808 674 1863 nata
689 1801 742 1864 dea
757 1808 815 1876 est,

124 1886 180 1948 sed
195 1887 285 1947 ruber
299 1887 455 1948 hortorum
470 1893 586 1961 custos,
601 1886 800 1950 membrosior
813 1905 922 1968 aequo,
1008 1903 1023 1952 t

170 1970 221 2050 qui
235 1977 343 2033 tectum
359 1971 446 2033 nullis
461 1971 590 2033 vestibus
604 1972 714 2050 inguen
728 1972 823 2034 habet.

125 2063 178 2119 aut
192 2056 280 2134 igitur
293 2056 423 2118 tunicam
438 2056 512 2138 parti
527 2057 683 2137 praetende
697 2058 851 2135 tegendae,

170 2148 221 2204 aut
235 2141 340 2222 quibus
355 2142 432 2204 hane
446 2141 539 2204 oeulis
554 2141 696 2222 adspicis,
709 2142 765 2204 ista
778 2143 851 2222 lege.

527 2325 555 2391 ΙΙ

124 2431 246 2493 Ludens
261 2432 333 2493 haec
347 2449 401 2512 ego
417 2439 491 2494 teste
506 2439 547 2506 te,
563 2431 681 2511 Priape,

125 2518 215 2579 horto
232 2518 359 2579 carmina
375 2518 476 2595 digna,
492 2534 554 2579 non
568 2516 680 2591 libello,

125 2601 232 2682 scripsi
246 2619 307 2662 non
322 2601 446 2664 nimium
457 2602 612 2664 laboriose.

125 2705 181 2749 uec
195 2687 294 2747 Musas
309 2694 422 2760 tamen,
439 2694 471 2748 ut
486 2687 583 2749 soient
596 2694 715 2767 poetae,

127 2772 161 2832 ad
176 2789 239 2833 non
252 2771 413 2850 virgineum
427 2773 525 2834 locum
540 2772 649 2834 vocari.

127 2875 195 2918 nam
210 2873 318 2919 sensus
333 2858 405 2919 mihi
420 2875 528 2936 corque
543 2857 696 2930 defuisset,

126 2948 234 3014 castas,
249 2941 378 3004 Pierium
393 2942 531 3014 chorum,
547 2960 667 3004 sorores

127 3045 200 3088 auso
216 3026 323 3088 ducere
338 3028 499 3089 mentulam
514 3027 549 3088 ad
565 3027 673 3106 Priapi.

127 3130 196 3190 ergo
211 3111 347 3192 quicquid
363 3111 392 3173 id
408 3121 466 3187 est,
483 3112 562 3192 quod
579 3111 694 3174 otiosus

126 3196 225 3276 templi
241 3196 398 3277 parietibus
412 3197 455 3259 tui
469 3197 583 3272 notavi,

126 3279 157 3341 in
172 3288 284 3362 partem
300 3281 423 3364 accipias
438 3282 560 3358 bonam,
573 3299 724 3362 rogamus.

518 3471 558 3532 ur

478 3589 605 3634 ovlutt

126 3671 256 3736 Obscure
270 3682 405 3755 poteram
420 3674 472 3737 tibi
488 3675 596 3736 dicere:
609 3663 659 3736 ‘da
673 3673 761 3749 mihi,
776 3677 854 3756 quod
870 3683 901 3738 tu

169 3761 222 3822 des
238 3761 305 3836 iicet
318 3760 450 3831 assidue,
466 3761 507 3832 nil
521 3766 622 3822 tamen
636 3758 704 3821 inde
719 3761 802 3839 perit.

127 3845 265 3919 damini,
282 3847 361 3926 quod
378 3845 478 3926 cupies
491 3845 600 3907 frustra
615 3845 685 3906 dare
698 3845 823 3908 forsitan
839 3847 924 3921 oiim,

170 3949 235 3993 cum
251 3937 330 3993 tenet
344 3930 481 3994 obsessas
496 3931 591 3993 invida
606 3929 695 3992 barba
707 3949 810 4008 genas,
