2762 4344
230 257 272 320 74
703 257 859 311 rurnonu

332 412 434 493 ecquid
450 412 583 473 Romano
600 413 692 476 sentis
707 421 735 474 te
751 413 881 493 pondere
894 414 1013 488 victam,

332 519 387 560 nec
401 518 490 579 posse
506 498 625 560 ulterius
642 499 799 580 perituram
816 500 952 562 extollere
967 499 1097 564 molem?

332 587 394 664 ipsa
412 603 480 645 suas
497 585 570 645 vires
586 585 647 646 odit
662 587 794 646 Romana
809 585 943 647 iuventus

266 686 298 737 85
333 678 362 732 et
377 689 448 749 quas
465 671 570 732 struxit
585 689 671 750 opes,
687 671 762 732 male
777 672 910 732 sustinet.
942 672 1038 750 aspice
1054 672 1109 734 late

331 755 471 818 luxuriam
489 757 650 835 spoliorum
668 763 696 818 et
711 775 830 818 censum
846 757 876 818 in
892 757 996 818 damna
1011 757 1167 820 fruentem.

332 842 483 903 aedificant
498 861 570 903 auro
586 842 729 922 sedesque
744 843 780 904 ad
796 843 891 903 sidera
907 846 1040 916 mittunt,

331 928 515 1008 expelluntur
528 946 618 1008 aquae
634 927 725 1000 saxis,
741 947 822 989 mare
836 929 966 1006 nascitur
981 928 1071 1004 arvis,

206 1076 208 1084 ,
332 1021 361 1076 01
375 1021 538 1094 permutata
554 1031 653 1075 rerum
671 1013 796 1076 statione
812 1015 959 1077 rebellant.

265 1115 298 1166 00
333 1119 368 1160 00
385 1099 470 1160 etiam
489 1117 551 1159 mea
567 1117 655 1178 regna
672 1108 782 1180 petunt.
813 1099 946 1181 perfossa
963 1100 1087 1162 dehiscit
1128 1143 1132 1149 -

331 1185 458 1247 molibus
474 1185 584 1246 insanis
599 1187 698 1259 tellus,
715 1187 771 1247 iam
788 1186 941 1247 montibus
956 1186 1069 1247 haustis

332 1278 414 1332 antra
431 1278 565 1349 gemunt,
581 1279 610 1332 01
624 1271 693 1333 dum
710 1290 802 1333 vanos
817 1272 891 1350 lapis
907 1271 1016 1333 incenit
1031 1291 1117 1346 usus,

331 1356 436 1418 inferni
455 1375 555 1419 manes
572 1357 681 1418 caelum
698 1376 817 1436 sperare
830 1358 965 1419 fatentur.

145 1512 152 1520 ,
331 1462 420 1522 quare
435 1460 501 1522 age,
517 1443 607 1516 Fors,
623 1451 703 1504 muta
719 1452 851 1523 pacatum
868 1443 897 1504 in
913 1441 1021 1523 proelia
1035 1443 1148 1507 uultum

264 1544 297 1595 95
332 1528 542 1608 Romanosque
557 1528 600 1590 cie
614 1548 648 1590 ac
662 1530 774 1591 nostris
790 1530 825 1590 da
840 1530 942 1591 lunera
957 1529 1066 1608 reguis.

330 1615 387 1674 iam
405 1612 517 1693 pridem
533 1615 613 1675 nullo
629 1614 834 1694 perfundimus
851 1633 901 1676 ora
917 1633 1035 1687 cruore,

330 1718 386 1761 nee
401 1718 465 1762 mea
482 1699 645 1779 Tisiphone
661 1700 793 1762 sitientes
807 1699 916 1780 perluit
930 1709 1024 1775 artus,

331 1805 366 1846 ex
381 1802 440 1864 quo
456 1784 591 1847 Sullanus
607 1785 680 1847 bibit
693 1786 774 1848 ensis
789 1793 819 1847 ct
833 1786 952 1848 horrida
967 1787 1051 1848 tellus

331 1871 475 1933 0111011110
491 1871 585 1932 lucem
602 1871 726 1933 nutritas
743 1872 884 1950 sanguine
898 1862 1026 1951 fruges?

162 1964 218 2025 121
250 1970 298 2023 100
375 1958 447 2018 11000
460 1956 512 2019 uhi
527 1957 603 2018 dicta
619 1957 712 2030 dedit,
729 1957 846 2019 dextrae
863 1958 1038 2037 coniungere
1052 1956 1183 2018 dextram

331 2050 454 2106 conatus
470 2050 556 2122 rupto
572 2042 703 2105 tellurem
720 2044 806 2106 solvit
820 2041 910 2104 hiatu.

330 2137 402 2191 tunc
416 2129 546 2191 Fortuna
561 2129 616 2191 levi
632 2129 743 2191 deludit
757 2136 877 2209 pectore
891 2147 991 2190 uoces:

201 2209 204 2213 ’
310 2204 350 2277 “o
366 2215 496 2296 genitor,
513 2215 559 2277 cui
575 2214 673 2297 Cocyti
689 2216 845 2295 penetralia
860 2221 977 2295 parcnt,

331 2301 356 2362 si
372 2302 463 2362 modo
478 2320 545 2362 vera
560 2301 632 2362 mihi
648 2303 692 2362 las
709 2309 754 2363 est
768 2301 889 2382 impune
905 2299 1029 2381 profari,

249 2402 295 2452 105
330 2394 396 2448 vota
410 2385 463 2448 tibi
479 2386 595 2462 cedent3
610 2405 665 2448 uec
678 2389 755 2449 enim
772 2388 870 2449 minor
884 2387 925 2447 ira
941 2385 1061 2447 rebellat

329 2480 450 2552 pectore
465 2472 568 2540 inhoc
583 2472 731 2551 leviorque
746 2473 840 2534 exurit
854 2473 971 2533 llamma
988 2469 1138 2532 medullas.

331 2557 442 2629 omnia,
458 2575 533 2636 quae
547 2558 637 2620 tribui
651 2558 793 2618 Romanis
809 2557 938 2628 arcibus,
956 2557 1004 2617 odi

331 2642 561 2722 muneribusque
576 2643 649 2703 meis
665 2643 784 2704 irascor.
816 2643 945 2704 destruet
960 2641 1031 2702 istas

331 2728 422 2800 idem,
438 2727 487 2806 qui
503 2728 616 2807 posuit,
633 2728 725 2790 moles
742 2727 823 2790 deus.
853 2735 900 2790 est
915 2727 985 2788 mihi
1001 2725 1083 2788 cordi

250 2828 297 2878 110
332 2812 440 2893 quippe
455 2830 584 2874 cremare
598 2812 677 2874 viros
692 2821 722 2875 et
737 2814 878 2892 sanguiue
893 2831 1013 2894 pascere
1027 2813 1137 2874 luxum.

331 2916 418 2960 cerno
434 2898 569 2978 equidem
586 2900 698 2978 gemina
715 2900 771 2961 iam
788 2908 897 2962 stratos
912 2905 1009 2962 morte
1023 2897 1178 2979 Philippos

331 2984 556 3064 Thessaliaeque
570 3003 661 3065 rogos
676 2987 821 3049 01100010
837 2985 931 3066 gentis
947 2984 1079 3046 Hiberae.

330 3071 387 3132 iam
402 3071 503 3150 fragor
517 3089 666 3132 armorum
682 3072 861 3151 trepidantes
876 3077 1018 3152 personat
1032 3088 1126 3131 aures.

331 3164 361 3217 et
374 3156 481 3236 Libyae
496 3174 582 3217 cerno
598 3165 661 3229 tna,
679 3157 757 3229 Nile,
775 3157 919 3236 gementia
935 3157 1059 3218 claustra

250 3255 297 3306 115
333 3242 525 3322 Actiacosque
540 3242 622 3304 sinus
637 3250 666 3303 et
681 3241 822 3327 Apollinis
839 3262 919 3304 arma
933 3242 1080 3303 timentes.

331 3327 440 3405 pande,
456 3346 522 3407 age,
537 3336 680 3391 terrarum
696 3328 822 3391 sitientia
838 3347 927 3408 regna
941 3336 1056 3388 tuarum

330 3420 416 3490 atque
431 3413 543 3475 animas
559 3433 674 3477 accerse
690 3433 791 3476 novas.
820 3414 867 3476 vix
882 3414 977 3476 nauita
994 3411 1167 3474 Porthmeus

331 3497 456 3560 sufficiet
471 3499 625 3563 simulacra
640 3501 733 3562 virum
749 3500 902 3562 traducere
918 3498 1036 3571 001011ος

330 3581 422 3644 classe
438 3601 513 3663 opus
529 3593 582 3646 est.
613 3594 702 3667 tuque
715 3585 826 3665 ingenti
841 3585 946 3648 satiare
960 3583 1058 3655 ruina,

249 3683 297 3734 110
331 3667 436 3750 pallida
452 3668 629 3749 Tisiphone,
646 3673 821 3752 concisaque
836 3671 955 3732 vulnera
971 3670 1089 3732 mande:

333 3756 368 3816 ad
386 3755 501 3835 Stygios
516 3773 619 3817 manes
634 3755 775 3820 laceratus
792 3756 907 3819 ducitur
923 3746 1031 3818 orbis.'’

165 3837 222 3900 122
376 3841 422 3904 vix
438 3842 507 3903 dum
523 3841 649 3911 11010101,
666 3861 732 3903 0001
748 3843 863 3921 fulgure
877 3848 962 3921 rupta
978 3859 1103 3903 corusco

332 3926 482 3993 intremuit
496 3927 588 3990 nubes
604 3925 751 4008 elisosque
765 3927 889 3990 abscidit
902 3926 993 4012 ignes.
