2762 4344
555 281 698 334 sannas
1142 287 1180 351 17

66 436 284 518 repositorium
296 435 413 498 allatum
424 443 470 498 est
482 453 548 498 cum
562 435 659 508 corbe,
671 436 701 498 in
714 453 772 516 quo
784 435 890 516 gallina
898 443 961 500 erat
970 436 1064 519 lignea
1075 444 1180 520 paten-

66 523 144 586 tibus
160 523 193 584 in
211 522 313 584 orbem
329 522 390 596 alia,
406 521 505 602 quales
522 539 587 583 esse
599 521 693 582 solent
705 541 778 601 quae
791 522 931 585 incubent
943 542 1006 586 οιο.
1029 541 1180 588 accessere
1260 554 1269 572 ·

69 629 123 670 oon
124 609 213 670 tinuo
235 609 295 671 duo
317 608 391 668 servi
406 615 436 669 et
451 607 625 706 symphonia
641 613 791 687 strepente
807 607 929 670 scrutari
944 608 1056 690 paleam
1072 629 1180 692 coepe·

69 703 136 756 runt
150 700 297 774 erutaque
312 693 436 754 subinde
451 693 595 772 pavonina
611 712 664 754 ova
679 693 802 754 divisere
817 693 955 763 convivis.
985 697 1128 758 convertit
1142 696 1179 758 ad

71 782 143 842 hanc
163 797 303 842 scaenam
319 779 496 840 Trimalchio
517 780 626 841 vultum
647 771 702 839 et‘
709 770 806 840 amici'
823 771 882 842 ait‘
889 780 1011 860 pavonis
1029 800 1083 844 ova
1097 781 1178 863 galli-

68 884 121 928 nae
134 865 212 927 inssi
228 865 369 962 supponi.
400 872 428 926 et
444 865 623 927 mehercules
639 864 727 925 timeo
743 881 781 926 ne
795 864 852 926 iam
869 867 1004 946 concepti
1020 867 1092 942 sint,
1112 875 1179 930 ten-

66 961 164 1013 temus
179 958 290 1026 tamen,
305 969 331 1011 ιι
323 950 440 1012 adhuc
456 949 575 1012 sorbilia
592 941 679 1012 sunt.³
704 950 865 1030 accipimus
876 970 933 1013 nos
946 913 1106 1015 cochlearia
1116 970 1179 1016 non

65 1038 166 1100 minus
182 1036 305 1098 selibras
320 1035 475 1115 pendentia
491 1054 600 1134 ovaque
615 1055 650 1096 ex
663 1034 756 1098 farina
771 1036 872 1116 pingui
886 1038 1008 1116 figurata
1023 1039 1178 1116 pertundi

65 1143 145 1185 mus.
174 1141 228 1203 ego
246 1121 362 1220 quidem
378 1139 470 1201 paene
484 1121 594 1201 proieci
610 1128 722 1202 partem
738 1141 844 1197 meam,
860 1141 929 1184 nam
944 1121 1095 1185 videbatur
1105 1124 1178 1186 mihi

64 1209 123 1271 iarn
139 1209 170 1270 in
185 1207 300 1288 pullum
316 1208 421 1268 coisse.
452 1206 556 1269 deinde
571 1214 604 1268 ut
618 1206 713 1268 audivi
727 1214 854 1269 veterem
869 1208 1033 1270 convivam:
1044 1201 1111 1270 hic
1124 1227 1178 1270 ne·

66 1295 127 1356 scio
145 1294 215 1374 quid
227 1293 299 1354 honr
311 1293 398 1354 debe
385 1283 487 1353 tesse’
489 1298 684 1372 ,persecutus
700 1300 839 1372 putamen
851 1311 943 1357 mann
953 1311 1177 1374 pinguissimam

67 1379 244 1442 licedulam
235 1378 333 1440 inveni
348 1377 463 1458 piperat
450 1378 589 1439 tvitelloo
605 1377 822 1440 circumdatam.

150 1466 208 1527 iam
226 1463 403 1526 Trimalchio
419 1464 520 1526 eadem
535 1463 634 1525 omnia
649 1463 734 1527 lusu
727 1462 896 1526 intermisso
908 1472 1086 1544 poposcerat
1099 1465 1174 1528 lece·
1193 1462 1233 1526 34

73 1549 170 1630 ratque
182 1557 361 1631 potestatem
377 1550 453 1612 clara
468 1568 547 1626 voce,
564 1550 589 1627 si
604 1548 669 1629 quis
685 1556 822 1612 nostrum
837 1550 944 1612 iterum
955 1551 1038 1613 vellet
1047 1552 1176 1614 mulsum

73 1655 197 1712 sumere,
222 1653 290 1698 cum
312 1635 408 1696 subito
429 1635 545 1714 signnm
561 1635 737 1716 symphonia
753 1636 837 1697 datur
851 1644 880 1698 et
894 1636 1053 1716 gustatoria
1069 1637 1178 1716 pariter

70 1743 84 1784 a
101 1723 190 1784 choro
208 1728 342 1784 cantante
357 1720 520 1801 rapiuntur.
550 1728 678 1783 ceterum
693 1721 769 1783 inter
782 1721 941 1784 tumultum
958 1741 1025 1784 cnm
1035 1722 1112 1785 rorte
1123 1743 1176 1804 pa-

66 1809 161 1889 rapsis
181 1807 338 1868 excidisset
353 1813 381 1868 et
394 1824 469 1885 puer
483 1806 624 1868 iacentem
641 1806 817 1881 sustulisset,
833 1807 1036 1868 animadvertit
1051 1807 1175 1870 Trimal-

66 1895 129 1955 chio
151 1891 344 1973 colaphisque
365 1891 510 1970 obiurgari
531 1909 654 1971 puerum
674 1911 708 1954 ac
722 1893 854 1973 proicere
868 1911 972 1956 rursus
987 1893 1176 1974 parapsidem

64 1980 159 2041 iussit.
190 1978 344 2042 insecutus
371 1984 416 2038 est
442 1977 605 2040 lecticarius
626 1985 837 2058 argentumque
851 1977 928 2040 inter
941 1977 1050 2059 reliqua
1065 1997 1177 2059 purga-

66 2073 161 2126 menta
182 2064 284 2144 scopis
309 2063 406 2142 coepit
425 2082 562 2125 everrere.
608 2062 732 2125 subinde
752 2064 932 2125 intraverunt
946 2063 1005 2125 duo
1018 2064 1175 2144 Aethiopes

67 2149 185 2230 capillati
202 2167 269 2211 cum
285 2148 400 2228 pusillis
415 2148 540 2222 utribus,
558 2147 656 2228 quales
669 2147 766 2210 solent
777 2165 843 2208 esse
855 2148 904 2228 qui
915 2148 1055 2210 harenam
1067 2148 1098 2210 in
1110 2167 1175 2211 am-

68 2237 230 2313 phitheatro
246 2242 398 2315 spargunt,
413 2233 570 2313 vinumque
586 2232 690 2295 dedere
700 2233 731 2294 in
742 2249 863 2307 manus;
880 2251 985 2312 aquam
997 2233 1075 2294 enim
1087 2251 1174 2297 nemo

67 2321 202 2399 porrexit.

147 2405 249 2468 laudat
236 2413 285 2467 tus
298 2423 389 2501 prop
390 2410 435 2464 ter
460 2402 615 2482 elegantias
640 2394 805 2464 dominus
811 2393 953 2500 aequum'
971 2403 1066 2484 inquit
1082 2397 1175 2468 ‘Mars

66 2499 147 2554 amat.
176 2492 277 2588 itaque
297 2489 369 2551 iussi
391 2507 475 2551 suam
491 2489 595 2568 cuique
609 2506 742 2550 mensam
758 2488 912 2568 assignari
943 2488 1039 2552 obiter
1053 2497 1082 2552 et
1095 2491 1175 2572 puti-

67 2577 179 2639 dissimi
194 2577 272 2638 servi
287 2575 433 2636 minorem
448 2574 534 2635 nobis
550 2581 662 2637 aestum
677 2573 841 2654 frequentia
856 2593 909 2636 sua
922 2567 1050 2637 facient?

148 2663 248 2724 statim
270 2661 370 2722 allatae
389 2667 460 2721 sunt
479 2660 637 2740 amphorae
654 2659 762 2722 vitreae
777 2659 928 2740 diligenter
942 2667 1085 2766 gypsatae,
1102 2680 1174 2742 qua-

68 2766 130 2808 ιιιιιι
151 2749 183 2810 in
205 2746 431 2810 cervicibust
387 2745 417 2825 pi
418 2746 505 2807 ttacia
526 2752 609 2808 erant
624 2747 708 2807 affixa
724 2763 792 2808 cum
806 2745 902 2808 hooti
902 2746 979 2808 tulo:
1001 2739 1174 2810 ‘Falernum

72 2831 251 2910 Opimianum
274 2849 420 2894 annorum
437 2823 573 2892 centnm?
604 2832 675 2892 dum
690 2831 724 2892 tit
712 2831 790 2893 tulos
807 2831 995 2912 perlegimus,
1017 2833 1176 2911 complosit

78 2915 244 2981 Trimalchio
262 2923 413 2980 mannset
400 2907 524 2979 teheu³
539 2909 653 3020 inquit
660 2935 730 2994 ergo
749 2916 902 2978 diutius'
875 2918 945 2978 vrvit
965 2916 1067 2978 vinum
1086 2935 1174 2997 qnam
1239 2909 1242 2918 ’

71 3000 233 3066 ιιοιιιιιοοιο.
269 3022 359 3082 quare
387 2995 481 3084 τέγγε
508 3019 693 3080 πνευμονας
721 3001 871 3062 faciamus.
906 2999 963 3062 vita
989 3001 1089 3062 vinum
1119 3008 1173 3063 est.

68 3105 163 3150 verum
178 3089 370 3170 Opimianum
390 3093 516 3191 praesto
476 3085 609 3147 theri
630 3103 692 3146 non
712 3092 772 3147 ιιιιι
792 3085 905 3147 ιιοιιιιιιι
920 3085 1022 3182 posui,
1037 3093 1066 3147 et
1079 3086 1172 3149 multo

66 3173 250 3237 honestiores
267 3165 427 3236 cenabant.³
456 3179 510 3253 pot
497 3171 627 3235 anttibus
643 3189 712 3250 ergo
729 3171 816 3233 nobis
832 3177 862 3232 et
875 3165 1094 3233 accuratissime
1111 3172 1174 3234 lau-

65 3259 140 3322 titias
166 3259 343 3322 mirantibus
363 3259 472 3320 larvam
492 3264 657 3338 argenteam
678 3257 773 3320 attulit
792 3275 893 3318 servus
916 3256 959 3318 sio
977 3263 1120 3337 aptatam,
1141 3265 1175 3320 ut

64 3345 176 3408 nticuli
200 3347 263 3409 eius
289 3345 493 3424 vertebraeque
516 3342 657 3406 luxatae
649 3361 680 3404 ιιι
703 3359 822 3404 omnem
843 3348 957 3421 partem
978 3337 1172 3406 flecterentur.

64 3429 139 3493 hanc
160 3449 227 3494 cnm
249 3449 339 3513 super
359 3447 492 3491 mensam
515 3430 605 3492 semel
622 3429 786 3506 iterumque
806 3426 970 3505 abiecisset,
986 3437 1015 3492 et
1029 3430 1191 3493 catenatio

63 3516 184 3579 mobilis
190 3517 311 3620 aliquot
325 3517 433 3596 figuras
448 3515 630 3596 exprimeret,
646 3511 823 3574 Trimalchio
839 3512 958 3576 adiecit:

190 3595 282 3664 eheu
296 3621 353 3663 nos
368 3602 507 3676 miseros,
523 3606 638 3680 quamt
625 3603 707 3661 totus
721 3599 881 3662 homuncio
896 3599 937 3662 nil
952 3608 1006 3662 est.

208 3689 252 3750 sic
266 3689 374 3750 orimus
391 3686 501 3761 cuncti,
516 3692 674 3766 postquam
689 3703 746 3746 nos
761 3685 873 3748 auferet
888 3686 992 3749 Orcus.

250 3792 320 3853 ergo
337 3774 480 3847 vivamuS,
495 3771 565 3834 duni
579 3772 646 3832 licet
660 3789 724 3834 esse
740 3763 834 3833 bene.²

148 3857 347 3921 laudationem
365 3857 508 3922 ferculum
527 3857 695 3920 insecutum
716 3863 762 3919 est
780 3856 866 3954 plane
884 3873 946 3918 non
967 3873 1021 3935 pro
1036 3857 1170 3931 expecta·
1186 3855 1227 3918 35

61 3945 144 4006 tione
160 3961 312 4024 magnum;
327 3944 441 4008 novitas
456 3951 554 4006 tamen
570 3942 704 4006 omnium
719 3941 862 4005 convertit
876 3940 987 4002 oculos.
1010 3937 1170 4000 rotundum

113 4041 218 4088 Petronii
231 4041 317 4091 satirae.
953 4037 970 4088 2
