2762 4344
749 383 770 422 a

169 438 189 499 9
289 439 373 519 quasi
387 459 441 519 per
456 439 603 520 caliginem
618 438 676 500 vidi
689 439 737 502 Git
725 445 795 500 tona
811 438 841 500 in
854 437 1002 518 crepidine
1012 437 1087 499 semi
1087 444 1132 500 tae
1087 443 1275 500 tstantem
1289 397 1321 500 et

203 526 242 594 in
248 527 375 589 eundem
390 527 487 588 locum
502 545 550 588 nae
566 525 676 587 conieci

291 710 358 754 cum
381 709 550 772 quaererem
572 709 643 752 num
659 689 856 770 quidnobis
848 707 879 750 m
894 688 1050 768 prandium
1065 689 1155 750 frater
1170 698 1318 769 parasset,

205 778 339 839 consedit
326 786 431 857 tpuer
452 777 667 856 superlectum
688 784 716 837 et
735 782 855 838 manant
855 795 886 836 es
843 773 1041 837 tlacrimas
1060 775 1165 871 ppllice
1185 795 1218 834 ex
1219 776 1316 836 tersit.

205 870 271 942 pert
259 863 390 925 turbatus
409 881 464 960 ego
480 862 561 924 hahit
549 868 582 923 tu
597 861 696 922 fratris
716 861 784 941 quid
803 860 956 922 accidisset
968 860 1105 939 quaesivi.
1129 868 1158 920 at
1172 860 1218 920 ille
1233 862 1317 922 tarde

200 947 322 1052 quidem
338 949 388 1009 ιι
380 949 437 1009 invi
440 956 498 1022 tus,
514 947 564 1008 sed
581 955 738 1027 postquam
755 946 888 1026 precihus
905 953 934 1006 et
935 945 990 1006 iam
1002 945 1183 1006 iracundiam
1196 946 1315 1018 miscui,

200 1025 298 1094 ‘'tuus
314 1026 429 1113 ιιιιιιιιι(
434 1033 490 1094 iste
509 1033 600 1094 frater
615 1052 668 1094 sen
683 1051 782 1098 comes
798 1031 885 1111 paulo
901 1039 968 1092 ante
983 1030 1014 1091 in
1030 1033 1208 1093 conductum
1226 1050 1314 1093 accu-

205 1119 295 1181 currit
315 1120 468 1199 coepitque
489 1117 561 1179 mihi
577 1119 644 1179 velle
650 1118 826 1224 pudorem
825 1124 1004 1220 extorquere
1041 1135 1106 1178 cum
1124 1136 1178 1195 ego
1194 1118 1313 1215 procla-

203 1222 323 1278 marem,
310 1204 465 1308 gladium
481 1203 640 1266 strinxitet
671 1222 696 1266 ιι
712 1203 847 1264 Lucretia
862 1195 906 1264 ιι(
906 1195 1024 1280 'inquit
1035 1195 1277 1282 “Tarquinium
1270 1222 1315 1264 rn-

202 1281 329 1352 venisti'’

677 228 833 282 rnrnonn

8 643 10 730 l

8 731 9 878 l

275 1454 393 1556 quihus
414 1472 467 1532 ego
489 1454 595 1516 auditis
614 1453 780 1514 intentavi'
773 1472 803 1514 m
824 1453 924 1515 oculos
940 1453 1049 1534 Ascylti
1069 1472 1174 1515 manus
1191 1462 1221 1516 e
1232 1445 1314 1536 ‘quid

203 1529 303 1600 dicis'¹
296 1558 414 1642 mquam
422 1533 583 1601 tmuliebris
596 1539 751 1620 patientiae
763 1547 905 1613 scortum,
923 1541 1005 1601 cuius
1018 1557 1055 1601 nc
1067 1539 1187 1619 spiritus
1200 1543 1315 1620 quodem

202 1642 296 1705 purus
317 1616 397 1686 esti-³
427 1624 630 1686 inhorrescere
652 1644 683 1686 se
706 1625 790 1686 finxit
810 1625 956 1730 Ascyltos,
975 1645 1045 1728 mop
1067 1624 1187 1687 sublatis
1207 1627 1312 1689 fortius

203 1708 338 1773 manibus
358 1711 445 1789 longe
465 1711 577 1772 maiore
597 1710 665 1771 nisu
685 1703 856 1772 ιιιιιιιιιιε(
864 1729 925 1772 non
942 1716 1020 1772 taces
1023 1702 1143 1790 ’inquit
1153 1702 1314 1790 ‘gladiator

203 1795 363 1872 obscoene,
385 1815 471 1876 quem
492 1795 572 1858 de.
586 1796 693 1858 .ruina
714 1813 799 1857 arena
816 1794 948 1858 dimisit?
915 1805 1032 1858 tnon
1049 1804 1140 1871 taces,
1166 1805 1313 1860 nocturne

201 1899 369 1961 percussor,
387 1882 436 1979 qni
451 1899 488 1942 ne
503 1888 566 1942 tum
583 1881 715 1962 quidem,
731 1900 797 1942 cum
812 1882 926 1943 fortiter
939 1882 1061 1960 faceres,
1078 1901 1144 1944 cum
1160 1902 1235 1962 pura
1248 1905 1312 1946 mu-

201 1966 270 2027 liere
289 1967 440 2047 pugnasti,
465 1967 547 2029 cuius
563 1968 663 2028 eadem
678 1967 791 2028 ratione
806 1967 834 2030 in
851 1968 986 2028 viridario
998 1968 1086 2029 irater
1096 1968 1149 2044 fni,
1166 1988 1223 2048 qua
1236 1989 1314 2032 nunc

201 2051 231 2113 in
243 2050 410 2114 deversorio
426 2071 501 2134 puer
515 2044 593 2115 est‘?²
610 2043 812 2114 ‘subduxistit
765 2046 840 2113 trte’
856 2055 975 2133 inquam
1004 2073 1020 2114 a
1036 2055 1236 2134 praeceptoris
1254 2057 1314 2117 col-

149 2129 321 2218 ltlloquio.³
344 2128 426 2218 ‘quid
443 2157 505 2217 ego,
520 2139 611 2200 homo
628 2139 817 2216 stultissime,
837 2139 932 2200 facere
955 2139 1056 2236 dehui,
1072 2158 1138 2202 cum
1153 2140 1231 2201 fame
1248 2161 1314 2203 mo-

201 2221 304 2285 rerer?
334 2242 370 2286 an
390 2224 521 2304 videlicet
535 2225 667 2286 audirem
683 2211 853 2298 sententias,
869 2225 960 2286 idt
915 2231 960 2285 est
973 2224 999 2284 ιι
1002 2233 1063 2286 trea
1077 2225 1212 2286 fractt
1140 2231 1212 2287 ttae
1228 2247 1313 2289 som-

201 2310 320 2370 niorum
336 2297 578 2389 interpretament
566 2307 617 2371 ta?
647 2310 739 2371 ιιιιιιιο
755 2330 803 2371 me
817 2311 933 2390 turpior
952 2329 983 2370 es
1005 2318 1037 2374 tu
1059 2311 1189 2386 hercule,
1212 2313 1262 2392 qui
1283 2322 1314 2375 ut

201 2393 274 2458 foris
296 2412 429 2469 conares,
449 2402 567 2475 poetam
583 2387 718 2456 laudasti

285 2551 381 2632 itaque
395 2571 429 2613 ιι
443 2550 615 2632 turpissima
630 2551 702 2614 lite
694 2567 725 2612 ιιι
739 2551 831 2613 risum
845 2550 941 2612 diffusi
953 2551 1081 2632 pacatius
1094 2553 1129 2615 ad
1141 2553 1252 2634 reliqna
1265 2573 1309 2616 se-

200 2636 345 2699 cessimus
751 2719 771 2763 ἧς

286 2811 390 2856 rursus
412 2794 442 2855 in
462 2790 637 2855 memoriam
657 2800 809 2854 revocatus
830 2791 952 2854 iniuriae
963 2785 1102 2874 ‘Ascylte'
1118 2794 1237 2874 inquam
1250 2787 1310 2856 (ιιι-

200 2879 296 2960 telligo
322 2879 409 2941 nohis
436 2880 590 2942 convenire
613 2897 675 2940 non
702 2897 801 2959 posse.
836 2878 932 2958 itaque
952 2883 1125 2942 communes
1149 2881 1310 2942 sarcinulas

200 2965 363 3045 partiamur
383 2984 416 3027 ac
438 2971 639 3063 paupertatem
660 2972 792 3026 nostram
814 2964 933 3044 privatis
949 2965 1118 3045 quaestibus
1132 2973 1311 3046 temptemus

201 3052 351 3131 expellere.
381 3059 410 3112 et
423 3058 457 3113 tu
470 3052 502 3113 ιιι
490 3057 568 3113 teras
585 3051 644 3113 scis
660 3058 688 3112 et
704 3070 766 3130 ego.
795 3069 831 3110 ne
843 3051 1011 3130 quaestibus
1023 3051 1081 3113 tuis
1095 3052 1219 3125 obstem,
1235 3053 1312 3115 aliud

200 3136 307 3216 aliquid
327 3137 511 3218 promittam,
532 3136 639 3216 alioqui
658 3136 736 3197 mille
756 3155 875 3198 caussae
894 3144 966 3217 quot
954 3137 1024 3198 tidie
1044 3155 1100 3198 nos
1125 3137 1313 3200 collidentt
1286 3146 1313 3199 et

196 3240 312 3326 per
272 3230 318 3283 tot
319 3242 364 3288 am
385 3223 490 3285 ιιιιιιιιι
510 3222 683 3284 rumoribus
705 3215 860 3284 different'.
891 3241 952 3283 non
971 3223 1114 3284 recusavit
1120 3223 1265 3321 Ascyltos
1286 3232 1313 3285 et

213 3299 336 3368 hodie*
329 3309 423 3388 inquit
434 3301 513 3389 ‘quia
528 3317 667 3388 tanquam
684 3308 850 3370 scholastici
867 3309 902 3370 ad
917 3327 1016 3370 cenam
1030 3309 1234 3388 promisimus,
1251 3329 1312 3372 non

200 3393 358 3473 perdamus
373 3401 443 3456 noc
442 3413 499 3458 em
523 3413 587 3456 cras
603 3402 709 3467 autem,
726 3394 793 3497 quia
809 3395 867 3454 hoc
881 3394 958 3467 lrhe
975 3400 1003 3454 et
1018 3394 1097 3456 hahr
1099 3396 1225 3456 ationem
1238 3396 1312 3457 mihi

198 3478 380 3582 prospiciam
402 3487 431 3540 et
450 3479 537 3541 alium
555 3471 698 3541 fratreml
726 3471 925 3541 (ιιιιιιιιιιι
879 3487 925 3540 ιιι
926 3470 1069 3559 ’inquam
1082 3471 1215 3542 ‘differre
1232 3482 1311 3561 quod

199 3555 304 3646 placet’

750 3650 769 3694 a

284 3720 360 3783 hanc
379 3728 438 3784 tam
460 3721 648 3801 praecipitem
668 3720 841 3782 divisionem
861 3721 950 3782 libido
966 3721 1103 3796 faciehat3
1123 3721 1312 3786 iamdudum

200 3805 279 3868 enim
294 3807 408 3869 amoliri
424 3807 576 3888 cupiebam
592 3807 744 3869 custodem
760 3807 927 3888 molestum,
943 3815 976 3869 ut
986 3815 1111 3869 ιιιιιιιιι
1124 3827 1191 3869 cum
1204 3808 1312 3872 Gitone

199 3911 266 3956 meo
281 3893 423 3956 rationem
439 3894 609 3956 reducerem
