2762 4344
38 62 41 174 i

570 215 711 269 sarman
1157 229 1198 294 39

35 379 37 416 ¹
74 372 174 436 mines
191 379 264 435 sunt
279 381 309 434 ιι
324 391 414 453 aeque
427 389 519 435 unum
534 373 637 436 lactem
653 373 803 451 biberunt,
824 378 911 440 etiam
928 396 953 440 ιι
946 378 1031 442 'illos
1043 380 1137 443 malos
1152 381 1197 444 fa·

34 459 123 523 itus
139 459 307 540 oppressit.
338 467 436 520 tamen
455 478 503 520 me
523 459 605 521 salvo
626 459 682 522 cito
703 481 809 542 aquam
824 462 944 526 liberam
961 465 1130 556 gustabunt.
1160 469 1196 532 ad

32 625 33 630 ἵ
76 565 246 620 summam
266 564 373 606 omnes
392 546 485 606 ibes
477 564 507 606 m
528 553 703 609 testamento
727 567 794 610 meo
810 551 995 614 manumitto.
1016 550 1195 652 Philargyro

31 633 33 708 Γ
77 634 163 694 etiam
185 631 316 693 fundum
331 632 395 710 lego
415 638 444 691 ιι
459 632 694 694 contubernalem
711 653 810 706 suam,
833 635 965 698 Carrioni
980 656 1097 719 quoque
1111 640 1195 702 insu·

31 743 32 750 ι
77 720 132 780 lam
147 727 179 780 et
193 737 365 778 vicesimam
381 725 410 778 et
423 716 573 780 lectum
560 725 678 780 tratum.
709 739 776 782 nam
792 721 982 784 Fortunatam
998 743 1095 786 meam
1110 725 1195 788 here-

79 805 142 866 dem
159 803 253 876 facio‚
276 810 305 865 et
324 803 499 864 commendo
519 803 596 866 illam
614 805 751 868 omnibus
768 806 869 868 amicis
884 809 969 870 meis
1000 816 1029 870 ct
1043 810 1114 873 haec
1127 811 1195 874 ideo

79 891 176 952 omnia
172 889 323 993 publico,
338 896 373 950 ιιι
360 888 493 951 tlamilia
509 909 574 952 mea
590 891 647 952 iarn
662 909 741 954 nunc
756 892 799 954 sic
812 912 860 954 me
872 900 949 955 amet
960 901 1098 975 tanquam
1110 915 1194 958 mor·

78 968 181 1038 tuum?
211 983 278 1054 grat
279 975 321 1036 ias
346 995 431 1054 agere
457 995 560 1038 ιιιιιιιι
579 977 775 1056 indulgentiae
795 987 955 1076 coeperant
942 980 1099 1056 tuemini,
1127 1001 1194 1045 eum
1293 987 1302 998 '

82 1064 128 1125 ille
148 1061 216 1123 oblit
203 1069 253 1123 tus
274 1079 419 1139 nugarum
439 1064 586 1142 exemplar
605 1064 772 1126 testamenti
792 1065 879 1127 iussit
898 1066 995 1127 allerri
1015 1075 1043 1128 ct
1061 1073 1157 1130 totum
1178 1087 1195 1131 a

83 1148 179 1229 primo
193 1148 228 1208 ad
245 1147 405 1208 ultimnm'
397 1157 595 1253 ingemescant
597 1170 611 1210 ι
583 1149 732 1212 tlamilia
747 1150 883 1212 recitavit.
914 1151 1076 1232 respiciens
1090 1152 1194 1215 deinde

80 1234 242 1296 Habinnam
256 1223 338 1313 ‘quid
355 1225 457 1295 dicis''
450 1235 544 1314 inquit
555 1227 659 1296 a‘rnice
676 1235 849 1298 carissime?
866 1238 999 1300 aedificas
1015 1254 1192 1300 monumen·

78 1332 141 1383 tum
156 1339 273 1395 meum,
295 1320 544 1398 quemadmodum
564 1327 593 1384 te
614 1319 710 1382 iussi?
740 1323 820 1383 valde
835 1331 862 1384 te
877 1341 966 1402 rogo
982 1331 1015 1386 ut
1029 1324 1193 1386 secundum

78 1407 165 1489 pedes
187 1413 304 1469 statuae
326 1425 409 1467 meae
428 1407 555 1468 catellam
576 1408 668 1486 lingas
689 1414 718 1468 et
737 1427 863 1470 coronas
884 1417 912 1470 et
932 1417 1078 1489 unguenta
1093 1416 1122 1470 ιι
1136 1411 1193 1471 Ρι-

81 1493 170 1556 ιιιιιιι
186 1504 294 1556 omnes
310 1511 436 1572 pugnas,
458 1499 491 1553 ιιι
505 1493 577 1554 mihi
593 1493 743 1571 contingat
757 1501 808 1555 tuo
825 1493 966 1558 beneficio
982 1503 1193 1575 postmortem

82 1581 184 1655 virere;
204 1587 358 1662 practerea
381 1585 414 1639 ut
432 1579 491 1639 sint
510 1579 541 1639 in
560 1580 658 1640 fronte
678 1579 769 1660 pedes
792 1587 917 1655 centum,
940 1581 969 1641 in
985 1599 1087 1660 agrum
1102 1582 1193 1661 predas

82 1667 203 1730 docenti.
235 1683 325 1729 omne
344 1682 435 1742 genus
456 1664 533 1725 enim
555 1683 644 1744 poma
665 1665 731 1726 volo
748 1665 807 1727 sint
822 1667 897 1729 eirca
914 1666 1025 1729 cineres
1040 1685 1138 1744 meos,
1164 1675 1194 1730 et

78 1754 227 1815 vinearum
249 1751 376 1832 largiter.
404 1749 486 1812 valde
505 1750 581 1811 enim
601 1751 707 1813 falsum
724 1760 768 1813 est
782 1754 846 1814 vivo
863 1753 981 1833 quidem
1003 1753 1109 1815 domos
1130 1754 1192 1816 eul-

77 1847 119 1902 tas
135 1859 218 1913 csse,
239 1855 302 1900 non
323 1837 417 1898 curari
436 1855 484 1897 ιιι
505 1836 552 1897 ubi
569 1835 678 1898 diutius
694 1838 779 1899 nohis
796 1839 986 1901 habitandum
1003 1847 1054 1901 ιιι
1082 1847 1111 1900 ιι
1125 1839 1191 1901 ideo

77 1933 140 1988 ante
156 1926 261 1987 omnia
276 1922 348 1986 adici
365 1923 444 1984 volo:
463 1913 545 1984 “hoc
560 1931 785 1985 monumentum
802 1924 939 1986 heredem
954 1943 1015 1986 non
1028 1915 1191 2006 sequitnr'’.

81 2021 206 2074 cetemm
220 2011 277 2074 erit
288 2009 360 2070 mihi
372 2027 468 2081 curae,
485 2015 517 2069 ut
527 2016 704 2072 testamento
718 2029 842 2085 caveam,
858 2030 895 2072 ne
907 2017 1044 2073 mortuus
1056 2011 1191 2074 iniuriam

80 2097 226 2178 accipiam.
259 2111 437 2177 praeponam
460 2095 537 2157 enim
559 2113 649 2157 unum
671 2115 705 2156 ex
726 2095 836 2158 libertis
857 2098 992 2176 sepulcro
1008 2116 1074 2159 meo
1091 2104 1191 2159 custo·

77 2185 136 2246 diae
152 2203 259 2256 causa,
280 2201 316 2242 ne
331 2181 361 2243 iu
376 2187 602 2242 monumentum
618 2199 716 2242 meum
733 2183 862 2260 populus
879 2189 1008 2244 cacatum
1026 2189 1131 2244 currat.
1163 2189 1192 2246 te

76 2290 164 2350 rogo,
186 2279 221 2332 ut
242 2286 330 2345 naves
351 2267 436 2328 etiarn
450 2313 456 2329 .
471 2313 498 2328 ..
515 2267 700 2328 monumenti
721 2267 779 2327 mei
801 2268 889 2329 facias
909 2267 1005 2348 plenis
1031 2268 1101 2330 velis
1117 2285 1191 2330 eun·

75 2365 133 2429 tes,
155 2364 186 2418 et
205 2354 303 2416 mein
323 2352 458 2415 tribunali
480 2354 631 2415 sedentem
658 2360 867 2433 praetextatum
891 2371 957 2415 cum
979 2352 1075 2415 anulis
1097 2353 1191 2416 aureis

79 2443 207 2523 quinque
228 2449 258 2502 ιι
277 2458 418 2502 nummos
434 2439 463 2500 in
479 2439 597 2518 publico
614 2439 649 2500 de
664 2440 780 2502 sacculo
796 2441 1008 2514 effundentem
1028 2439 1087 2502 scis
1102 2439 1190 2514 eninr,

83 2529 156 2608 quod
174 2528 297 2608 epulum
313 2525 394 2599 dedi,
410 2524 496 2587 binos
513 2525 660 2587 denarios.
690 2525 827 2600 saciatur,
843 2527 867 2588 si
882 2526 935 2588 tibi
950 2525 1077 2600 videtur,
1094 2533 1123 2588 ιι
1136 2525 1190 2588 tri-

79 2615 170 2677 clinia.
200 2613 291 2675 facias
311 2619 340 2672 et
358 2620 452 2672 totum
476 2612 617 2692 populum
633 2612 688 2673 sibi
704 2611 829 2673 suaviter
842 2613 1008 2675 facientem.
1039 2613 1074 2674 ad
1090 2613 1190 2674 dexte-

77 2720 139 2764 ram
156 2718 254 2762 meam
271 2714 365 2779 ponas
380 2705 505 2760 statuam
521 2699 696 2760 Fortunatae
710 2717 792 2760 meae
807 2699 972 2762 columbam
983 2705 1147 2761 tenentem:
1163 2707 1192 2760 et

79 2787 208 2850 catellam
227 2785 345 2863 cingulo
360 2784 501 2862 alligatam
518 2785 616 2845 ducat:
636 2793 664 2846 et
679 2785 844 2847 cicaronem
860 2805 973 2860 meum,
988 2792 1018 2846 et
1031 2785 1190 2865 amphoras

83 2872 219 2953 copiosas
236 2877 386 2952 gypsatas‚
401 2888 438 2931 ιιι
454 2870 573 2930 effluant
561 2870 696 2932 trinum.
727 2877 756 2932 ιι
770 2889 876 2933 urnam
891 2873 958 2933 licet
971 2871 1095 2933 tractam
1111 2871 1191 2932 seul-

78 2979 144 3058 pas,
173 2965 202 3019 ιι
224 2975 313 3038 super
333 2975 395 3018 eam
407 2975 539 3054 Ι,ιιιιιιιιιιι
561 2957 735 3034 plorantem.
762 2956 978 3034 horologium'
971 2974 1000 3017 m
1021 2955 1133 3028 medio,
1159 2964 1191 3017 ut

78 3063 215 3126 quisquis
231 3042 343 3105 horas
336 3042 483 3122 inspiciet
459 3040 569 3103 velit
583 3041 670 3114 nob
645 3048 795 3103 nomen
810 3059 908 3102 meum
924 3041 1007 3120 legat
1024 3038 1189 3144 inscriptio

77 3149 197 3229 quoque
218 3130 283 3191 ride
302 3128 454 3206 diligenter
474 3147 499 3188 ιι
492 3127 587 3189 ιιιιι
601 3128 672 3189 satis
688 3127 792 3189 idonea
806 3125 859 3188 tibi
874 3127 1002 3189 videtur:
1024 3115 1081 3186 (Ὦ
1098 3124 1190 3187 Pom-

77 3237 164 3298 perus
172 3214 349 3278 Trimalchio
358 3213 511 3276 Maecenat
492 3220 586 3274 banus
599 3214 647 3275 hic
658 3213 822 3294 requiescit.
802 3213 914 3275 thuic
924 3212 1015 3274 sarira
1016 3219 1065 3274 tus
1016 3211 1190 3275 tabsenti

79 3305 179 3366 decret
168 3310 217 3364 tus
238 3309 291 3362 est.
323 3319 389 3362 cum
410 3306 513 3380 posset
528 3298 558 3360 in
575 3300 711 3362 omnibus
728 3299 852 3362 decuriis
868 3299 980 3359 Romae
996 3317 1073 3373 esse,
1092 3305 1190 3362 tamen

78 3389 183 3451 noluit.
215 3387 296 3467 pius,
311 3385 416 3460 fortis,
428 3385 530 3458 fidelis,
548 3405 581 3447 ιι
598 3405 688 3467 parvo
705 3385 802 3460 crevit,
818 3403 865 3445 ses
867 3385 985 3446 tertium
974 3384 1118 3489 rebqurt
1132 3394 1190 3448 tre

78 3475 199 3546 centies,
216 3491 414 3552 necunquam
430 3471 640 3552 philosophum
657 3471 773 3533 audivit.
803 3471 880 3532 vale:
897 3478 926 3532 ιι
940 3462 1003 3533 tu’'.

166 3561 239 3622 baec
259 3565 292 3621 nt
311 3559 382 3620 dixit
397 3557 589 3629 Trimalchio,
609 3558 678 3618 llere
694 3557 790 3637 coepit
779 3557 939 3620 tubertim
970 3557 1056 3619 flebat
1071 3564 1100 3618 ιι
1114 3558 1188 3618 l'or·
1205 3561 1245 3621 72
1348 3555 1349 3584 l

79 3653 195 3720 lunata,
216 3644 331 3706 ssebate
332 3643 522 3716 tHabinnas‚
542 3651 603 3705 ota
619 3643 745 3722 demque
759 3643 883 3717 larnrba
903 3651 1040 3724 tanquam
1056 3659 1086 3702 ιιι
1100 3642 1229 3702 funus

79 3741 190 3812 rogata,
206 3731 409 3793 lamentatione
423 3730 580 3792 triclinium
597 3729 711 3834 imples
705 3738 734 3792 ιι
761 3731 853 3792 immo
868 3731 925 3791 iam
939 3745 1090 3808 coeperam
1104 3746 1120 3786 e
1120 3726 1189 3787 tiam

81 3838 135 3898 ego
150 3819 282 3898 plorare,
299 3835 364 3879 cunr
380 3805 577 3878 Trimalchio
585 3807 667 3896 ergo'
681 3809 795 3897 inquit
799 3816 1010 3878 cumsciaanus
1025 3829 1081 3872 nos
1096 3812 1189 3873 mori-

82 3913 166 3968 turos
181 3923 256 3978 esse,
273 3922 362 3984 quare
376 3921 438 3966 non
453 3899 607 3965 vivamus?
638 3902 680 3966 ιιι
693 3922 747 3965 ιιι
761 3903 859 3965 felices
875 3901 994 3973 videam,
1010 3896 1189 3962 coniciamus
