<?xml version="1.0" encoding="UTF-8"?>
<!DOCTYPE html PUBLIC "-//W3C//DTD XHTML 1.0 Transitional//EN"
    "http://www.w3.org/TR/xhtml1/DTD/xhtml1-transitional.dtd">
<html xmlns="http://www.w3.org/1999/xhtml" xml:lang="en" lang="en">
 <head>
  <title>
</title>
<meta http-equiv="Content-Type" content="text/html;charset=utf-8" />
  <meta name='ocr-system' content='tesseract 3.04.00' />
  <meta name='ocr-capabilities' content='ocr_page ocr_carea ocr_par ocr_line ocrx_word'/>
</head>
<body>
  <div class='ocr_page' id='page_1' title='image "./satirarumreliqu00arbigoog_0053.png"; bbox 0 0 2762 4344; ppageno 0'>
   <div class='ocr_carea' id='block_1_1' title="bbox 173 193 801 300">
    <p class='ocr_par' dir='ltr' id='par_1_1' title="bbox 173 193 801 300">
     <span class='ocr_line' id='line_1_1' title="bbox 173 193 801 300; baseline 0 -40"><span class='ocrx_word' id='word_1_1' title='bbox 173 213 214 276; x_wconf 81' lang='lat'>36</span> <span class='ocrx_word' id='word_1_2' title='bbox 436 287 445 300; x_wconf 85' lang='lat'><em>.</em></span> <span class='ocrx_word' id='word_1_3' title='bbox 644 193 801 260; x_wconf 86' lang='lat' dir='ltr'>rnrnorvu</span> 
     </span>
    </p>
   </div>
   <div class='ocr_carea' id='block_1_2' title="bbox 119 354 1370 3860">
    <p class='ocr_par' dir='ltr' id='par_1_2' title="bbox 119 354 1370 3860">
     <span class='ocr_line' id='line_1_2' title="bbox 168 354 1283 443; baseline -0.005 -17"><span class='ocrx_word' id='word_1_4' title='bbox 168 366 269 428; x_wconf 90' lang='lat' dir='ltr'>culum</span> <span class='ocrx_word' id='word_1_5' title='bbox 288 364 345 426; x_wconf 85' lang='lat' dir='ltr'>luit</span> <span class='ocrx_word' id='word_1_6' title='bbox 364 363 490 426; x_wconf 75' lang='lat' dir='ltr'><strong>scriblita</strong></span> <span class='ocrx_word' id='word_1_7' title='bbox 504 361 607 442; x_wconf 89' lang='lat' dir='ltr'>frigida</span> <span class='ocrx_word' id='word_1_8' title='bbox 628 371 658 424; x_wconf 89' lang='lat' dir='ltr'>et</span> <span class='ocrx_word' id='word_1_9' title='bbox 672 380 760 443; x_wconf 88' lang='lat' dir='ltr'>supra</span> <span class='ocrx_word' id='word_1_10' title='bbox 775 354 832 423; x_wconf 89' lang='lat' dir='ltr'>mel</span> <span class='ocrx_word' id='word_1_11' title='bbox 847 361 962 423; x_wconf 87' lang='lat' dir='ltr'>caldum</span> <span class='ocrx_word' id='word_1_12' title='bbox 977 360 1109 424; x_wconf 88' lang='lat' dir='ltr'>infusum</span> <span class='ocrx_word' id='word_1_13' title='bbox 1125 359 1283 421; x_wconf 78' lang='lat' dir='ltr'>excellente</span> 
     </span>
     <span class='ocr_line' id='line_1_3' title="bbox 174 445 1283 531; baseline -0.008 -18"><span class='ocrx_word' id='word_1_14' title='bbox 174 451 347 531; x_wconf 88' lang='lat' dir='ltr'>llispauum.</span> <span class='ocrx_word' id='word_1_15' title='bbox 378 450 474 529; x_wconf 90' lang='lat' dir='ltr'>itaque</span> <span class='ocrx_word' id='word_1_16' title='bbox 494 448 530 509; x_wconf 92' lang='lat' dir='ltr'>de</span> <span class='ocrx_word' id='word_1_17' title='bbox 550 448 677 510; x_wconf 80' lang='lat' dir='ltr'>scriblita</span> <span class='ocrx_word' id='word_1_18' title='bbox 693 448 810 527; x_wconf 90' lang='lat' dir='ltr'>quidem</span> <span class='ocrx_word' id='word_1_19' title='bbox 826 465 888 509; x_wconf 92' lang='grc' dir='ltr'>ιιοιι</span> <span class='ocrx_word' id='word_1_20' title='bbox 903 446 1058 508; x_wconf 90' lang='lat' dir='ltr'>minimum</span> <span class='ocrx_word' id='word_1_21' title='bbox 1075 445 1131 518; x_wconf 90' lang='lat' dir='ltr'>edi,</span> <span class='ocrx_word' id='word_1_22' title='bbox 1145 446 1181 506; x_wconf 91' lang='lat' dir='ltr'>de</span> <span class='ocrx_word' id='word_1_23' title='bbox 1197 446 1283 507; x_wconf 90' lang='lat' dir='ltr'>melle</span> 
     </span>
     <span class='ocr_line' id='line_1_4' title="bbox 172 531 1283 616; baseline -0.007 -17"><span class='ocrx_word' id='word_1_24' title='bbox 172 556 220 599; x_wconf 89' lang='lat' dir='ltr'>me</span> <span class='ocrx_word' id='word_1_25' title='bbox 239 555 333 616; x_wconf 92' lang='lat' dir='ltr'>usque</span> <span class='ocrx_word' id='word_1_26' title='bbox 353 535 441 613; x_wconf 87' lang='lat' dir='ltr'>tetigi.</span> <span class='ocrx_word' id='word_1_27' title='bbox 468 536 543 595; x_wconf 87' lang='lat' dir='ltr'>circa</span> <span class='ocrx_word' id='word_1_28' title='bbox 564 534 639 595; x_wconf 85' lang='lat' dir='ltr'>cicer</span> <span class='ocrx_word' id='word_1_29' title='bbox 659 542 688 594; x_wconf 85' lang='lat' dir='ltr'>et</span> <span class='ocrx_word' id='word_1_30' title='bbox 706 534 855 613; x_wconf 90' lang='lat' dir='ltr'>lupinum,</span> <span class='ocrx_word' id='word_1_31' title='bbox 876 533 969 594; x_wconf 79' lang='lat' dir='ltr'>calvae</span> <span class='ocrx_word' id='word_1_32' title='bbox 989 531 1128 593; x_wconf 90' lang='lat' dir='ltr'>arbitratu</span> <span class='ocrx_word' id='word_1_33' title='bbox 1150 539 1180 592; x_wconf 91' lang='lat' dir='ltr'>et</span> <span class='ocrx_word' id='word_1_34' title='bbox 1205 532 1283 592; x_wconf 90' lang='lat' dir='ltr'>mala</span> 
     </span>
     <span class='ocr_line' id='line_1_5' title="bbox 174 616 1284 701; baseline -0.006 -18"><span class='ocrx_word' id='word_1_35' title='bbox 174 622 295 701; x_wconf 85' lang='lat' dir='ltr'>singula.</span> <span class='ocrx_word' id='word_1_36' title='bbox 325 639 378 700; x_wconf 85' lang='lat' dir='ltr'>ego</span> <span class='ocrx_word' id='word_1_37' title='bbox 403 629 500 682; x_wconf 90' lang='lat' dir='ltr'>tamen</span> <span class='ocrx_word' id='word_1_38' title='bbox 520 620 579 681; x_wconf 94' lang='lat' dir='ltr'>duo</span> <span class='ocrx_word' id='word_1_39' title='bbox 601 619 706 680; x_wconf 87' lang='lat' dir='ltr'>sustuli</span> <span class='ocrx_word' id='word_1_40' title='bbox 725 625 754 679; x_wconf 86' lang='lat' dir='ltr'>et</span> <span class='ocrx_word' id='word_1_41' title='bbox 772 637 839 679; x_wconf 92' lang='lat' dir='ltr'>ecce</span> <span class='ocrx_word' id='word_1_42' title='bbox 859 619 889 678; x_wconf 94' lang='lat' dir='ltr'>in</span> <span class='ocrx_word' id='word_1_43' title='bbox 908 635 1015 696; x_wconf 86' lang='lat' dir='ltr'>mappa</span> <span class='ocrx_word' id='word_1_44' title='bbox 1035 617 1147 694; x_wconf 84' lang='lat' dir='ltr'>alligata</span> <span class='ocrx_word' id='word_1_45' title='bbox 1173 616 1284 690; x_wconf 80' lang='lat' dir='ltr'>habe03</span> 
     </span>
     <span class='ocr_line' id='line_1_6' title="bbox 173 701 1283 785; baseline -0.005 -17"><span class='ocrx_word' id='word_1_46' title='bbox 173 725 241 769; x_wconf 91' lang='lat' dir='ltr'>nam</span> <span class='ocrx_word' id='word_1_47' title='bbox 258 707 284 768; x_wconf 92' lang='lat' dir='ltr'>si</span> <span class='ocrx_word' id='word_1_48' title='bbox 299 705 403 785; x_wconf 89' lang='lat' dir='ltr'>aliquid</span> <span class='ocrx_word' id='word_1_49' title='bbox 420 705 550 768; x_wconf 93' lang='lat' dir='ltr'>muneris</span> <span class='ocrx_word' id='word_1_50' title='bbox 566 724 632 766; x_wconf 90' lang='lat' dir='ltr'>meo</span> <span class='ocrx_word' id='word_1_51' title='bbox 645 705 781 766; x_wconf 77' lang='lat' dir='ltr'>vernulae</span> <span class='ocrx_word' id='word_1_52' title='bbox 792 721 853 764; x_wconf 90' lang='lat' dir='ltr'>non</span> <span class='ocrx_word' id='word_1_53' title='bbox 864 703 967 775; x_wconf 88' lang='lat' dir='ltr'>tulero,</span> <span class='ocrx_word' id='word_1_54' title='bbox 983 701 1098 762; x_wconf 92' lang='lat' dir='ltr'>habebo</span> <span class='ocrx_word' id='word_1_55' title='bbox 1111 702 1283 763; x_wconf 87' lang='lat' dir='ltr'>convitium.</span> 
     </span>
     <span class='ocr_line' id='line_1_7' title="bbox 173 787 1284 868; baseline -0.007 -14"><span class='ocrx_word' id='word_1_56' title='bbox 173 792 247 854; x_wconf 91' lang='lat' dir='ltr'>bene</span> <span class='ocrx_word' id='word_1_57' title='bbox 265 811 314 853; x_wconf 89' lang='lat' dir='ltr'>me</span> <span class='ocrx_word' id='word_1_58' title='bbox 333 791 473 852; x_wconf 89' lang='lat' dir='ltr'>admonet</span> <span class='ocrx_word' id='word_1_59' title='bbox 491 790 611 851; x_wconf 86' lang='lat' dir='ltr'>domina</span> <span class='ocrx_word' id='word_1_60' title='bbox 630 808 704 850; x_wconf 90' lang='lat' dir='ltr'>mea.</span> <span class='ocrx_word' id='word_1_61' title='bbox 739 790 769 850; x_wconf 94' lang='lat' dir='ltr'>in</span> <span class='ocrx_word' id='word_1_62' title='bbox 795 797 956 868; x_wconf 90' lang='lat' dir='ltr'>prospectu</span> <span class='ocrx_word' id='word_1_63' title='bbox 981 787 1139 849; x_wconf 88' lang='lat' dir='ltr'>habuimus</span> <span class='ocrx_word' id='word_1_64' title='bbox 1164 787 1284 850; x_wconf 89' lang='lat' dir='ltr'>ursinae</span> 
     </span>
     <span class='ocr_line' id='line_1_8' title="bbox 175 874 1284 956; baseline -0.004 -18"><span class='ocrx_word' id='word_1_65' title='bbox 175 878 312 952; x_wconf 80' lang='lat' dir='ltr'>frustum,</span> <span class='ocrx_word' id='word_1_66' title='bbox 328 876 364 938; x_wconf 87' lang='lat' dir='ltr'>de</span> <span class='ocrx_word' id='word_1_67' title='bbox 379 895 437 956; x_wconf 91' lang='lat' dir='ltr'>quo</span> <span class='ocrx_word' id='word_1_68' title='bbox 454 894 520 938; x_wconf 89' lang='lat' dir='ltr'>cum</span> <span class='ocrx_word' id='word_1_69' title='bbox 536 875 708 955; x_wconf 90' lang='lat' dir='ltr'>imprudens</span> <span class='ocrx_word' id='word_1_70' title='bbox 724 875 852 936; x_wconf 88' lang='lat' dir='ltr'>Scintilla</span> <span class='ocrx_word' id='word_1_71' title='bbox 867 893 920 953; x_wconf 86' lang='lat' dir='ltr'>gus</span> <span class='ocrx_word' id='word_1_72' title='bbox 923 882 1014 936; x_wconf 82' lang='lat' dir='ltr'>ttasse</span> <span class='ocrx_word' id='word_1_73' title='bbox 1016 890 1131 952; x_wconf 89' lang='lat' dir='ltr'>,paene</span> <span class='ocrx_word' id='word_1_74' title='bbox 1146 874 1284 936; x_wconf 85' lang='lat' dir='ltr'>intestina</span> 
     </span>
     <span class='ocr_line' id='line_1_9' title="bbox 174 959 1284 1058; baseline -0.004 -34"><span class='ocrx_word' id='word_1_75' title='bbox 174 983 226 1024; x_wconf 89' lang='lat' dir='ltr'>sua</span> <span class='ocrx_word' id='word_1_76' title='bbox 238 963 358 1024; x_wconf 86' lang='lat' dir='ltr'>vomuit.</span> <span class='ocrx_word' id='word_1_77' title='bbox 389 981 442 1058; x_wconf 84' lang='lat' dir='ltr'>ego</span> <span class='ocrx_word' id='word_1_78' title='bbox 459 969 560 1022; x_wconf 90' lang='lat' dir='ltr'>contra</span> <span class='ocrx_word' id='word_1_79' title='bbox 574 961 640 1040; x_wconf 90' lang='lat' dir='ltr'>plus</span> <span class='ocrx_word' id='word_1_80' title='bbox 655 960 759 1021; x_wconf 92' lang='lat' dir='ltr'>libram</span> <span class='ocrx_word' id='word_1_81' title='bbox 775 960 898 1033; x_wconf 86' lang='lat' dir='ltr'>comedi,</span> <span class='ocrx_word' id='word_1_82' title='bbox 915 978 983 1020; x_wconf 92' lang='lat' dir='ltr'>narn</span> <span class='ocrx_word' id='word_1_83' title='bbox 998 959 1096 1038; x_wconf 91' lang='lat' dir='ltr'>ipsum</span> <span class='ocrx_word' id='word_1_84' title='bbox 1112 977 1218 1038; x_wconf 88' lang='lat' dir='ltr'>aprum</span> <span class='ocrx_word' id='word_1_85' title='bbox 1235 977 1284 1020; x_wconf 92' lang='lat' dir='ltr'>sa-</span> 
     </span>
     <span class='ocr_line' id='line_1_10' title="bbox 174 1006 1284 1128; baseline -0.004 -18"><span class='ocrx_word' id='word_1_86' title='bbox 174 1049 279 1128; x_wconf 84' lang='lat' dir='ltr'>piebat</span> <span class='ocrx_word' id='word_1_87' title='bbox 309 1054 339 1108; x_wconf 85' lang='lat' dir='ltr'>et</span> <span class='ocrx_word' id='word_1_88' title='bbox 353 1048 393 1121; x_wconf 92' lang='lat' dir='ltr'>si,</span> <span class='ocrx_word' id='word_1_89' title='bbox 414 1047 549 1126; x_wconf 93' lang='lat' dir='ltr'>inquam,</span> <span class='ocrx_word' id='word_1_90' title='bbox 570 1065 656 1112; x_wconf 89' lang='lat' dir='ltr'>ursus</span> <span class='ocrx_word' id='word_1_91' title='bbox 671 1006 902 1106; x_wconf 86' lang='lat' dir='ltr'>homuncionem</span> <span class='ocrx_word' id='word_1_92' title='bbox 919 1053 1045 1117; x_wconf 90' lang='lat' dir='ltr'>comest,</span> <span class='ocrx_word' id='word_1_93' title='bbox 1065 1053 1174 1124; x_wconf 93' lang='lat' dir='ltr'>quanto</span> <span class='ocrx_word' id='word_1_94' title='bbox 1190 1045 1284 1124; x_wconf 88' lang='lat' dir='ltr'>magis</span> 
     </span>
     <span class='ocr_line' id='line_1_11' title="bbox 174 1127 1367 1196; baseline -0.004 -1"><span class='ocrx_word' id='word_1_95' title='bbox 174 1133 333 1196; x_wconf 91' lang='lat' dir='ltr'>homuncio</span> <span class='ocrx_word' id='word_1_96' title='bbox 360 1132 445 1194; x_wconf 87' lang='lat' dir='ltr'>debet</span> <span class='ocrx_word' id='word_1_97' title='bbox 470 1150 578 1193; x_wconf 93' lang='lat' dir='ltr'>ursum.</span> <span class='ocrx_word' id='word_1_98' title='bbox 601 1127 815 1193; x_wconf 68' lang='lat' dir='ltr'>comessalia</span> <span class='ocrx_word' id='word_1_99' title='bbox 842 1149 960 1192; x_wconf 93' lang='lat' dir='ltr'>summo</span> <span class='ocrx_word' id='word_1_100' title='bbox 986 1129 1142 1192; x_wconf 89' lang='lat' dir='ltr'>habuimus</span> <span class='ocrx_word' id='word_1_101' title='bbox 1164 1149 1283 1192; x_wconf 91' lang='lat' dir='ltr'>caseum</span> <span class='ocrx_word' id='word_1_102' title='bbox 1366 1143 1367 1154; x_wconf 58' lang='lat'>³</span> 
     </span>
     <span class='ocr_line' id='line_1_12' title="bbox 173 1215 1285 1297; baseline -0.003 -18"><span class='ocrx_word' id='word_1_103' title='bbox 173 1219 292 1280; x_wconf 88' lang='lat' dir='ltr'>mollem</span> <span class='ocrx_word' id='word_1_104' title='bbox 314 1225 343 1278; x_wconf 92' lang='lat' dir='ltr'>et</span> <span class='ocrx_word' id='word_1_105' title='bbox 358 1237 459 1297; x_wconf 89' lang='lat' dir='ltr'>sapam</span> <span class='ocrx_word' id='word_1_106' title='bbox 475 1224 504 1278; x_wconf 87' lang='lat' dir='ltr'>et</span> <span class='ocrx_word' id='word_1_107' title='bbox 519 1217 651 1278; x_wconf 90' lang='lat' dir='ltr'>cochleas</span> <span class='ocrx_word' id='word_1_108' title='bbox 668 1216 795 1295; x_wconf 90' lang='lat' dir='ltr'>singulas</span> <span class='ocrx_word' id='word_1_109' title='bbox 811 1224 839 1277; x_wconf 89' lang='lat' dir='ltr'>et</span> <span class='ocrx_word' id='word_1_110' title='bbox 854 1215 960 1277; x_wconf 86' lang='lat' dir='ltr'>cordae</span> <span class='ocrx_word' id='word_1_111' title='bbox 973 1215 1068 1277; x_wconf 88' lang='lat' dir='ltr'>frusta</span> <span class='ocrx_word' id='word_1_112' title='bbox 1080 1223 1109 1276; x_wconf 89' lang='lat' dir='ltr'>et</span> <span class='ocrx_word' id='word_1_113' title='bbox 1124 1216 1263 1295; x_wconf 88' lang='lat' dir='ltr'>hepatia</span> <span class='ocrx_word' id='word_1_114' title='bbox 1256 1234 1285 1276; x_wconf 91' lang='lat' dir='ltr'>m</span> 
     </span>
     <span class='ocr_line' id='line_1_13' title="bbox 174 1301 1284 1383; baseline -0.003 -18"><span class='ocrx_word' id='word_1_115' title='bbox 174 1304 277 1365; x_wconf 86' lang='lat' dir='ltr'>catillis</span> <span class='ocrx_word' id='word_1_116' title='bbox 298 1311 326 1364; x_wconf 92' lang='lat' dir='ltr'>et</span> <span class='ocrx_word' id='word_1_117' title='bbox 345 1322 398 1364; x_wconf 91' lang='lat' dir='ltr'>ova</span> <span class='ocrx_word' id='word_1_118' title='bbox 421 1303 533 1383; x_wconf 90' lang='lat' dir='ltr'>pilleata</span> <span class='ocrx_word' id='word_1_119' title='bbox 552 1311 581 1364; x_wconf 94' lang='lat' dir='ltr'>et</span> <span class='ocrx_word' id='word_1_120' title='bbox 600 1321 701 1382; x_wconf 90' lang='lat' dir='ltr'>rapam</span> <span class='ocrx_word' id='word_1_121' title='bbox 722 1310 751 1363; x_wconf 89' lang='lat' dir='ltr'>et</span> <span class='ocrx_word' id='word_1_122' title='bbox 771 1317 879 1382; x_wconf 86' lang='lat' dir='ltr'>senape</span> <span class='ocrx_word' id='word_1_123' title='bbox 898 1309 927 1362; x_wconf 86' lang='lat' dir='ltr'>et</span> <span class='ocrx_word' id='word_1_124' title='bbox 942 1309 987 1362; x_wconf 88' lang='lat' dir='ltr'>cat</span> <span class='ocrx_word' id='word_1_125' title='bbox 975 1301 1068 1363; x_wconf 91' lang='grc' dir='ltr'>ιιιιιιιιι</span> <span class='ocrx_word' id='word_1_126' title='bbox 1083 1310 1284 1374; x_wconf 75' lang='lat' dir='ltr'>concamium,</span> 
     </span>
     <span class='ocr_line' id='line_1_14' title="bbox 174 1386 1285 1485; baseline -0.003 -35"><span class='ocrx_word' id='word_1_127' title='bbox 174 1409 231 1470; x_wconf 88' lang='lat' dir='ltr'>pax</span> <span class='ocrx_word' id='word_1_128' title='bbox 250 1389 426 1485; x_wconf 75' lang='lat' dir='ltr'>palameden.</span> <span class='ocrx_word' id='word_1_129' title='bbox 456 1389 543 1449; x_wconf 89' lang='lat' dir='ltr'>etiarn</span> <span class='ocrx_word' id='word_1_130' title='bbox 564 1389 594 1448; x_wconf 92' lang='lat' dir='ltr'>in</span> <span class='ocrx_word' id='word_1_131' title='bbox 614 1389 692 1449; x_wconf 92' lang='lat' dir='ltr'>alveo</span> <span class='ocrx_word' id='word_1_132' title='bbox 715 1387 881 1449; x_wconf 88' lang='lat' dir='ltr'>circumlata</span> <span class='ocrx_word' id='word_1_133' title='bbox 902 1394 972 1447; x_wconf 93' lang='lat' dir='ltr'>sunt</span> <span class='ocrx_word' id='word_1_134' title='bbox 991 1386 1179 1466; x_wconf 83' lang='lat' dir='ltr'>orycomina,</span> <span class='ocrx_word' id='word_1_135' title='bbox 1208 1387 1285 1448; x_wconf 93' lang='lat' dir='ltr'>unde</span> 
     </span>
     <span class='ocr_line' id='line_1_15' title="bbox 174 1473 1286 1572; baseline -0.001 -37"><span class='ocrx_word' id='word_1_136' title='bbox 174 1474 291 1572; x_wconf 84' lang='lat' dir='ltr'>quidam</span> <span class='ocrx_word' id='word_1_137' title='bbox 308 1473 394 1536; x_wconf 91' lang='lat' dir='ltr'>etiam</span> <span class='ocrx_word' id='word_1_138' title='bbox 410 1473 583 1554; x_wconf 87' lang='lat' dir='ltr'>improbiter</span> <span class='ocrx_word' id='word_1_139' title='bbox 597 1492 653 1535; x_wconf 94' lang='lat' dir='ltr'>nos</span> <span class='ocrx_word' id='word_1_140' title='bbox 669 1490 770 1552; x_wconf 85' lang='lat' dir='ltr'>pugno</span> <span class='ocrx_word' id='word_1_141' title='bbox 786 1473 976 1534; x_wconf 89' lang='lat' dir='ltr'>sustulerunt.</span> <span class='ocrx_word' id='word_1_142' title='bbox 1005 1491 1073 1534; x_wconf 90' lang='lat' dir='ltr'>nam</span> <span class='ocrx_word' id='word_1_143' title='bbox 1089 1490 1200 1552; x_wconf 90' lang='lat' dir='ltr'>pernae</span> <span class='ocrx_word' id='word_1_144' title='bbox 1212 1474 1286 1534; x_wconf 92' lang='lat' dir='ltr'>mis</span> 
     </span>
     <span class='ocr_line' id='line_1_16' title="bbox 119 1558 1284 1636; baseline -0.002 -15"><span class='ocrx_word' id='word_1_145' title='bbox 119 1560 199 1621; x_wconf 79' lang='lat'>67</span> <span class='ocrx_word' id='word_1_146' title='bbox 175 1578 289 1622; x_wconf 78' lang='lat' dir='ltr'>sionem</span> <span class='ocrx_word' id='word_1_147' title='bbox 305 1558 447 1620; x_wconf 81' lang='lat' dir='ltr'>dedimus</span> <span class='ocrx_word' id='word_1_148' title='bbox 478 1560 529 1620; x_wconf 91' lang='lat' dir='ltr'>sed</span> <span class='ocrx_word' id='word_1_149' title='bbox 544 1577 628 1620; x_wconf 86' lang='lat' dir='ltr'>narra</span> <span class='ocrx_word' id='word_1_150' title='bbox 644 1558 730 1631; x_wconf 91' lang='grc' dir='ltr'>ιιιιιιι</span> <span class='ocrx_word' id='word_1_151' title='bbox 751 1558 817 1632; x_wconf 85' lang='lat' dir='ltr'>Gai,</span> <span class='ocrx_word' id='word_1_152' title='bbox 838 1577 853 1618; x_wconf 90' lang='lat' dir='ltr'>r</span> <span class='ocrx_word' id='word_1_153' title='bbox 894 1578 925 1631; x_wconf 93' lang='grc' dir='ltr'>ο,</span> <span class='ocrx_word' id='word_1_154' title='bbox 942 1559 1101 1620; x_wconf 85' lang='lat' dir='ltr'>Fortunata</span> <span class='ocrx_word' id='word_1_155' title='bbox 1117 1577 1209 1636; x_wconf 88' lang='lat' dir='ltr'>quare</span> <span class='ocrx_word' id='word_1_156' title='bbox 1224 1576 1284 1619; x_wconf 93' lang='lat' dir='ltr'>nou</span> 
     </span>
     <span class='ocr_line' id='line_1_17' title="bbox 175 1606 1285 1740; baseline 0.001 -35"><span class='ocrx_word' id='word_1_157' title='bbox 175 1633 354 1706; x_wconf 78' lang='lat' dir='ltr'>recumbit?</span> <span class='ocrx_word' id='word_1_158' title='bbox 379 1635 547 1740; x_wconf 84' lang='lat' dir='ltr'>quomodo</span> <span class='ocrx_word' id='word_1_159' title='bbox 566 1634 657 1704; x_wconf 86' lang='lat' dir='ltr'>nosti’</span> <span class='ocrx_word' id='word_1_160' title='bbox 673 1643 768 1722; x_wconf 92' lang='lat' dir='ltr'>inquit</span> <span class='ocrx_word' id='word_1_161' title='bbox 778 1606 870 1704; x_wconf 82' lang='lat' dir='ltr'>‘illam</span> <span class='ocrx_word' id='word_1_162' title='bbox 901 1636 1098 1704; x_wconf 65' lang='grc' dir='ltr'>Τιιιιιιιοιιιοί</span> <span class='ocrx_word' id='word_1_163' title='bbox 1105 1644 1162 1704; x_wconf 92' lang='lat' dir='ltr'>nisi</span> <span class='ocrx_word' id='word_1_164' title='bbox 1177 1663 1285 1723; x_wconf 88' lang='lat' dir='ltr'>argen-</span> 
     </span>
     <span class='ocr_line' id='line_1_18' title="bbox 175 1728 1285 1832; baseline -0.001 -40"><span class='ocrx_word' id='word_1_165' title='bbox 175 1738 239 1792; x_wconf 90' lang='lat' dir='ltr'>tum</span> <span class='ocrx_word' id='word_1_166' title='bbox 256 1729 469 1832; x_wconf 87' lang='lat' dir='ltr'>composuerit,</span> <span class='ocrx_word' id='word_1_167' title='bbox 491 1729 549 1789; x_wconf 81' lang='lat' dir='ltr'>nisi</span> <span class='ocrx_word' id='word_1_168' title='bbox 541 1728 697 1807; x_wconf 88' lang='lat' dir='ltr'>reliquias</span> <span class='ocrx_word' id='word_1_169' title='bbox 712 1728 811 1808; x_wconf 88' lang='lat' dir='ltr'>pueris</span> <span class='ocrx_word' id='word_1_170' title='bbox 827 1728 956 1790; x_wconf 87' lang='lat' dir='ltr'>diviserit</span> <span class='ocrx_word' id='word_1_171' title='bbox 944 1737 1083 1808; x_wconf 83' lang='lat' dir='ltr'>taquam</span> <span class='ocrx_word' id='word_1_172' title='bbox 1099 1729 1128 1789; x_wconf 94' lang='lat' dir='ltr'>in</span> <span class='ocrx_word' id='word_1_173' title='bbox 1145 1748 1180 1790; x_wconf 91' lang='lat' dir='ltr'>os</span> <span class='ocrx_word' id='word_1_174' title='bbox 1196 1749 1285 1791; x_wconf 92' lang='lat' dir='ltr'>suum</span> 
     </span>
     <span class='ocr_line' id='line_1_19' title="bbox 176 1802 1369 1904; baseline -0.001 -27"><span class='ocrx_word' id='word_1_175' title='bbox 176 1833 237 1878; x_wconf 90' lang='lat' dir='ltr'>non</span> <span class='ocrx_word' id='word_1_176' title='bbox 257 1806 398 1876; x_wconf 73' lang='lat' dir='ltr'>coniciet.³</span> <span class='ocrx_word' id='word_1_177' title='bbox 423 1805 529 1894; x_wconf 88' lang='lat' dir='ltr'>atqui&#39;</span> <span class='ocrx_word' id='word_1_178' title='bbox 550 1814 710 1904; x_wconf 87' lang='lat' dir='ltr'>respondit</span> <span class='ocrx_word' id='word_1_179' title='bbox 693 1802 894 1875; x_wconf 86' lang='lat' dir='ltr'>tHabinuas</span> <span class='ocrx_word' id='word_1_180' title='bbox 900 1814 958 1874; x_wconf 90' lang='lat' dir='ltr'>nisi</span> <span class='ocrx_word' id='word_1_181' title='bbox 978 1813 1200 1876; x_wconf 86' lang='lat' dir='ltr'>illadiscumbit</span> <span class='ocrx_word' id='word_1_182' title='bbox 1188 1824 1284 1895; x_wconf 90' lang='lat' dir='ltr'>t,ego</span> <span class='ocrx_word' id='word_1_183' title='bbox 1368 1821 1369 1824; x_wconf 75' lang='grc'>’</span> 
     </span>
     <span class='ocr_line' id='line_1_20' title="bbox 166 1890 1286 1980; baseline -0.002 -16"><span class='ocrx_word' id='word_1_184' title='bbox 166 1920 224 1966; x_wconf 84' lang='lat' dir='ltr'>me</span> <span class='ocrx_word' id='word_1_185' title='bbox 238 1890 376 1979; x_wconf 88' lang='lat' dir='ltr'>apoculo&#39;</span> <span class='ocrx_word' id='word_1_186' title='bbox 392 1907 420 1960; x_wconf 89' lang='lat' dir='ltr'>et</span> <span class='ocrx_word' id='word_1_187' title='bbox 438 1906 575 1979; x_wconf 89' lang='lat' dir='ltr'>coeperat</span> <span class='ocrx_word' id='word_1_188' title='bbox 593 1917 726 1978; x_wconf 82' lang='lat' dir='ltr'>surgere,</span> <span class='ocrx_word' id='word_1_189' title='bbox 749 1898 806 1960; x_wconf 90' lang='lat' dir='ltr'>nisi</span> <span class='ocrx_word' id='word_1_190' title='bbox 822 1899 906 1976; x_wconf 88' lang='lat' dir='ltr'>signo</span> <span class='ocrx_word' id='word_1_191' title='bbox 923 1900 971 1960; x_wconf 87' lang='lat' dir='ltr'>dat</span> <span class='ocrx_word' id='word_1_192' title='bbox 959 1907 990 1960; x_wconf 89' lang='grc' dir='ltr'>ιο</span> <span class='ocrx_word' id='word_1_193' title='bbox 1006 1900 1168 1962; x_wconf 84' lang='lat' dir='ltr'>Fortunata</span> <span class='ocrx_word' id='word_1_194' title='bbox 1184 1909 1286 1980; x_wconf 85' lang='lat' dir='ltr'>quater</span> 
     </span>
     <span class='ocr_line' id='line_1_21' title="bbox 177 1985 1370 2065; baseline 0 -18"><span class='ocrx_word' id='word_1_195' title='bbox 177 1985 303 2065; x_wconf 87' lang='lat' dir='ltr'>amplius</span> <span class='ocrx_word' id='word_1_196' title='bbox 330 1992 427 2047; x_wconf 86' lang='grc' dir='ltr'>ιιοιι</span> <span class='ocrx_word' id='word_1_197' title='bbox 445 1985 553 2046; x_wconf 82' lang='lat' dir='ltr'>familia</span> <span class='ocrx_word' id='word_1_198' title='bbox 575 1992 653 2046; x_wconf 89' lang='lat' dir='ltr'>esset</span> <span class='ocrx_word' id='word_1_199' title='bbox 671 1991 781 2046; x_wconf 91' lang='lat' dir='ltr'>vocata.</span> <span class='ocrx_word' id='word_1_200' title='bbox 811 1985 889 2044; x_wconf 88' lang='lat' dir='ltr'>venit</span> <span class='ocrx_word' id='word_1_201' title='bbox 908 2003 978 2063; x_wconf 87' lang='lat' dir='ltr'>ergo</span> <span class='ocrx_word' id='word_1_202' title='bbox 998 1985 1114 2064; x_wconf 88' lang='lat' dir='ltr'>galbino</span> <span class='ocrx_word' id='word_1_203' title='bbox 1136 1987 1285 2047; x_wconf 87' lang='lat' dir='ltr'>succincta</span> <span class='ocrx_word' id='word_1_204' title='bbox 1369 2037 1370 2046; x_wconf 71' lang='grc'>,</span> 
     </span>
     <span class='ocr_line' id='line_1_22' title="bbox 175 2069 1286 2150; baseline 0 -18"><span class='ocrx_word' id='word_1_205' title='bbox 175 2069 306 2150; x_wconf 81' lang='lat' dir='ltr'>cingilla,</span> <span class='ocrx_word' id='word_1_206' title='bbox 326 2070 364 2131; x_wconf 89' lang='lat' dir='ltr'>ita</span> <span class='ocrx_word' id='word_1_207' title='bbox 385 2077 418 2132; x_wconf 93' lang='lat' dir='ltr'>ut</span> <span class='ocrx_word' id='word_1_208' title='bbox 432 2071 507 2133; x_wconf 88' lang='lat' dir='ltr'>infra</span> <span class='ocrx_word' id='word_1_209' title='bbox 523 2070 652 2132; x_wconf 87' lang='lat' dir='ltr'>cerasina</span> <span class='ocrx_word' id='word_1_210' title='bbox 668 2077 822 2149; x_wconf 86' lang='lat' dir='ltr'>appareret</span> <span class='ocrx_word' id='word_1_211' title='bbox 835 2070 932 2131; x_wconf 90' lang='lat' dir='ltr'>tunica</span> <span class='ocrx_word' id='word_1_212' title='bbox 947 2078 975 2131; x_wconf 88' lang='lat' dir='ltr'>et</span> <span class='ocrx_word' id='word_1_213' title='bbox 990 2070 1176 2150; x_wconf 90' lang='lat' dir='ltr'>periscelides</span> <span class='ocrx_word' id='word_1_214' title='bbox 1192 2079 1286 2134; x_wconf 87' lang='lat' dir='ltr'>tortae</span> 
     </span>
     <span class='ocr_line' id='line_1_23' title="bbox 175 2156 1285 2238; baseline 0.002 -21"><span class='ocrx_word' id='word_1_215' title='bbox 175 2156 423 2236; x_wconf 84' lang='lat' dir='ltr'>phaecasiaeque</span> <span class='ocrx_word' id='word_1_216' title='bbox 415 2164 571 2218; x_wconf 83' lang='lat' dir='ltr'>inauratae.</span> <span class='ocrx_word' id='word_1_217' title='bbox 600 2163 672 2218; x_wconf 92' lang='lat' dir='ltr'>tunc</span> <span class='ocrx_word' id='word_1_218' title='bbox 683 2156 801 2216; x_wconf 88' lang='lat' dir='ltr'>sudario</span> <span class='ocrx_word' id='word_1_219' title='bbox 813 2174 918 2216; x_wconf 88' lang='lat' dir='ltr'>manus</span> <span class='ocrx_word' id='word_1_220' title='bbox 930 2162 1058 2234; x_wconf 84' lang='lat' dir='ltr'>tergens,</span> <span class='ocrx_word' id='word_1_221' title='bbox 1075 2157 1175 2238; x_wconf 87' lang='lat' dir='ltr'>quod</span> <span class='ocrx_word' id='word_1_222' title='bbox 1166 2176 1198 2218; x_wconf 91' lang='lat' dir='ltr'>m</span> <span class='ocrx_word' id='word_1_223' title='bbox 1212 2158 1285 2219; x_wconf 91' lang='lat' dir='ltr'>collo</span> 
     </span>
     <span class='ocr_line' id='line_1_24' title="bbox 175 2241 1288 2344; baseline 0.002 -42"><span class='ocrx_word' id='word_1_224' title='bbox 175 2241 308 2316; x_wconf 89' lang='lat' dir='ltr'>habebat,</span> <span class='ocrx_word' id='word_1_225' title='bbox 323 2243 494 2321; x_wconf 84' lang='lat' dir='ltr'>applicatae</span> <span class='ocrx_word' id='word_1_226' title='bbox 509 2241 641 2315; x_wconf 91' lang='grc' dir='ltr'>ιιιιιιοι,ο</span> <span class='ocrx_word' id='word_1_227' title='bbox 656 2241 686 2302; x_wconf 91' lang='grc' dir='ltr'>ιιι</span> <span class='ocrx_word' id='word_1_228' title='bbox 702 2260 781 2344; x_wconf 92' lang='lat' dir='ltr'>quo</span> <span class='ocrx_word' id='word_1_229' title='bbox 777 2241 903 2302; x_wconf 87' lang='lat' dir='ltr'>Scintilla</span> <span class='ocrx_word' id='word_1_230' title='bbox 920 2241 1069 2304; x_wconf 90' lang='lat' dir='ltr'>llabinnae</span> <span class='ocrx_word' id='word_1_231' title='bbox 1084 2243 1288 2304; x_wconf 88' lang='lat' dir='ltr'>discumbebat</span> 
     </span>
     <span class='ocr_line' id='line_1_25' title="bbox 176 2317 1042 2407; baseline -0.004 -18"><span class='ocrx_word' id='word_1_232' title='bbox 176 2345 259 2401; x_wconf 82' lang='lat' dir='ltr'>uxor,</span> <span class='ocrx_word' id='word_1_233' title='bbox 278 2328 462 2407; x_wconf 86' lang='lat' dir='ltr'>osculataque</span> <span class='ocrx_word' id='word_1_234' title='bbox 477 2318 683 2406; x_wconf 85' lang='lat' dir='ltr'>plaudentem‘</span> <span class='ocrx_word' id='word_1_235' title='bbox 686 2335 731 2387; x_wconf 91' lang='lat' dir='ltr'>est</span> <span class='ocrx_word' id='word_1_236' title='bbox 745 2317 781 2387; x_wconf 86' lang='lat' dir='ltr'>te&#39;</span> <span class='ocrx_word' id='word_1_237' title='bbox 796 2326 890 2406; x_wconf 92' lang='lat' dir='ltr'>inquit</span> <span class='ocrx_word' id='word_1_238' title='bbox 901 2318 1042 2387; x_wconf 78' lang='lat' dir='ltr'>videre‘i&#39;</span> 
     </span>
     <span class='ocr_line' id='line_1_26' title="bbox 1228 2423 1248 2454; baseline 0 0"><span class='ocrx_word' id='word_1_239' title='bbox 1228 2423 1248 2454; x_wconf 75' lang='lat'>0</span> 
     </span>
     <span class='ocr_line' id='line_1_27' title="bbox 263 2495 1284 2575; baseline 0.005 -18"><span class='ocrx_word' id='word_1_240' title='bbox 263 2516 298 2557; x_wconf 93' lang='lat' dir='ltr'>eo</span> <span class='ocrx_word' id='word_1_241' title='bbox 318 2495 423 2558; x_wconf 89' lang='lat' dir='ltr'>deinde</span> <span class='ocrx_word' id='word_1_242' title='bbox 445 2505 616 2575; x_wconf 90' lang='lat' dir='ltr'>perventum</span> <span class='ocrx_word' id='word_1_243' title='bbox 633 2503 691 2569; x_wconf 89' lang='lat' dir='ltr'>est,</span> <span class='ocrx_word' id='word_1_244' title='bbox 712 2505 744 2556; x_wconf 92' lang='lat' dir='ltr'>ut</span> <span class='ocrx_word' id='word_1_245' title='bbox 757 2497 916 2558; x_wconf 86' lang='lat' dir='ltr'>Fortunata</span> <span class='ocrx_word' id='word_1_246' title='bbox 932 2499 1057 2559; x_wconf 90' lang='lat' dir='ltr'>armillas</span> <span class='ocrx_word' id='word_1_247' title='bbox 1074 2518 1143 2560; x_wconf 90' lang='lat' dir='ltr'>suas</span> <span class='ocrx_word' id='word_1_248' title='bbox 1159 2501 1284 2562; x_wconf 88' lang='lat' dir='ltr'>crassis-</span> 
     </span>
     <span class='ocr_line' id='line_1_28' title="bbox 177 2543 1282 2659; baseline 0.003 -16"><span class='ocrx_word' id='word_1_249' title='bbox 177 2580 260 2643; x_wconf 89' lang='lat' dir='ltr'>simis</span> <span class='ocrx_word' id='word_1_250' title='bbox 286 2582 451 2644; x_wconf 85' lang='lat' dir='ltr'>detraheret</span> <span class='ocrx_word' id='word_1_251' title='bbox 474 2583 587 2643; x_wconf 88' lang='lat' dir='ltr'>lacertis</span> <span class='ocrx_word' id='word_1_252' title='bbox 609 2581 690 2643; x_wconf 87' lang='lat' dir='ltr'>Scint</span> <span class='ocrx_word' id='word_1_253' title='bbox 678 2543 811 2659; x_wconf 76' lang='lat' dir='ltr'>tiliaeque</span> <span class='ocrx_word' id='word_1_254' title='bbox 835 2583 954 2643; x_wconf 90' lang='lat' dir='ltr'>miranti</span> <span class='ocrx_word' id='word_1_255' title='bbox 975 2592 1023 2645; x_wconf 89' lang='lat' dir='ltr'>ost</span> <span class='ocrx_word' id='word_1_256' title='bbox 1011 2584 1151 2646; x_wconf 89' lang='lat' dir='ltr'>tenderet.</span> <span class='ocrx_word' id='word_1_257' title='bbox 1182 2587 1282 2648; x_wconf 90' lang='lat' dir='ltr'>ultimo</span> 
     </span>
     <span class='ocr_line' id='line_1_29' title="bbox 177 2666 1284 2750; baseline 0.005 -23"><span class='ocrx_word' id='word_1_258' title='bbox 177 2666 264 2727; x_wconf 88' lang='lat' dir='ltr'>etiam</span> <span class='ocrx_word' id='word_1_259' title='bbox 287 2667 472 2746; x_wconf 90' lang='lat' dir='ltr'>periscelides</span> <span class='ocrx_word' id='word_1_260' title='bbox 492 2668 610 2728; x_wconf 89' lang='lat' dir='ltr'>resolvit</span> <span class='ocrx_word' id='word_1_261' title='bbox 625 2675 654 2727; x_wconf 89' lang='lat' dir='ltr'>et</span> <span class='ocrx_word' id='word_1_262' title='bbox 667 2667 820 2728; x_wconf 88' lang='lat' dir='ltr'>reticulum</span> <span class='ocrx_word' id='word_1_263' title='bbox 835 2686 970 2742; x_wconf 90' lang='lat' dir='ltr'>aureum,</span> <span class='ocrx_word' id='word_1_264' title='bbox 991 2688 1078 2750; x_wconf 90' lang='lat' dir='ltr'>quem</span> <span class='ocrx_word' id='word_1_265' title='bbox 1094 2689 1145 2731; x_wconf 80' lang='lat' dir='ltr'>ers</span> <span class='ocrx_word' id='word_1_266' title='bbox 1163 2672 1284 2733; x_wconf 88' lang='lat' dir='ltr'>obrussa</span> 
     </span>
     <span class='ocr_line' id='line_1_30' title="bbox 177 2749 1285 2833; baseline 0.005 -21"><span class='ocrx_word' id='word_1_267' title='bbox 177 2770 242 2812; x_wconf 88' lang='lat' dir='ltr'>esse</span> <span class='ocrx_word' id='word_1_268' title='bbox 257 2751 381 2812; x_wconf 91' lang='lat' dir='ltr'>dicebat.</span> <span class='ocrx_word' id='word_1_269' title='bbox 410 2760 464 2812; x_wconf 91' lang='lat' dir='ltr'>not</span> <span class='ocrx_word' id='word_1_270' title='bbox 466 2753 523 2813; x_wconf 88' lang='lat' dir='ltr'>avit</span> <span class='ocrx_word' id='word_1_271' title='bbox 511 2752 609 2817; x_wconf 88' lang='lat' dir='ltr'>thaec</span> <span class='ocrx_word' id='word_1_272' title='bbox 620 2751 818 2814; x_wconf 87' lang='lat' dir='ltr'>Trimalchio</span> <span class='ocrx_word' id='word_1_273' title='bbox 810 2753 951 2833; x_wconf 86' lang='lat' dir='ltr'>russitque</span> <span class='ocrx_word' id='word_1_274' title='bbox 967 2755 1062 2816; x_wconf 87' lang='lat' dir='ltr'>allerri</span> <span class='ocrx_word' id='word_1_275' title='bbox 1076 2756 1175 2817; x_wconf 89' lang='lat' dir='ltr'>omnia</span> <span class='ocrx_word' id='word_1_276' title='bbox 1191 2749 1240 2818; x_wconf 91' lang='lat' dir='ltr'>et</span> <span class='ocrx_word' id='word_1_277' title='bbox 1243 2757 1285 2817; x_wconf 91' lang='lat' dir='ltr'>vi-</span> 
     </span>
     <span class='ocr_line' id='line_1_31' title="bbox 177 2827 1286 2937; baseline 0.004 -39"><span class='ocrx_word' id='word_1_278' title='bbox 177 2828 259 2898; x_wconf 89' lang='lat' dir='ltr'>detis&#39;</span> <span class='ocrx_word' id='word_1_279' title='bbox 275 2836 369 2916; x_wconf 87' lang='lat' dir='ltr'>inquit</span> <span class='ocrx_word' id='word_1_280' title='bbox 379 2827 520 2899; x_wconf 83' lang='lat' dir='ltr'>‘mulieris</span> <span class='ocrx_word' id='word_1_281' title='bbox 537 2837 708 2918; x_wconf 91' lang='lat' dir='ltr'>compedes:</span> <span class='ocrx_word' id='word_1_282' title='bbox 729 2838 772 2898; x_wconf 92' lang='lat' dir='ltr'>sic</span> <span class='ocrx_word' id='word_1_283' title='bbox 786 2856 841 2898; x_wconf 87' lang='lat' dir='ltr'>nos</span> <span class='ocrx_word' id='word_1_284' title='bbox 856 2837 984 2901; x_wconf 87' lang='lat' dir='ltr'>barcalae</span> <span class='ocrx_word' id='word_1_285' title='bbox 994 2840 1207 2937; x_wconf 30' lang='lat' dir='ltr'>‘despoliamur.</span> <span class='ocrx_word' id='word_1_286' title='bbox 1235 2862 1286 2904; x_wconf 88' lang='lat' dir='ltr'>sex</span> 
     </span>
     <span class='ocr_line' id='line_1_32' title="bbox 178 2922 1287 3002; baseline 0.006 -20"><span class='ocrx_word' id='word_1_287' title='bbox 178 2922 329 3002; x_wconf 86' lang='lat' dir='ltr'>pondoet</span> <span class='ocrx_word' id='word_1_288' title='bbox 317 2923 479 2984; x_wconf 87' lang='lat' dir='ltr'>tselibram</span> <span class='ocrx_word' id='word_1_289' title='bbox 493 2923 579 2984; x_wconf 91' lang='lat' dir='ltr'>debet</span> <span class='ocrx_word' id='word_1_290' title='bbox 594 2923 708 2984; x_wconf 90' lang='lat' dir='ltr'>habere.</span> <span class='ocrx_word' id='word_1_291' title='bbox 735 2930 764 2984; x_wconf 91' lang='lat' dir='ltr'>et</span> <span class='ocrx_word' id='word_1_292' title='bbox 779 2923 841 3002; x_wconf 93' lang='lat' dir='ltr'>ipse</span> <span class='ocrx_word' id='word_1_293' title='bbox 855 2924 945 2984; x_wconf 91' lang='lat' dir='ltr'>nihilo</span> <span class='ocrx_word' id='word_1_294' title='bbox 961 2926 1059 2986; x_wconf 90' lang='lat' dir='ltr'>minus</span> <span class='ocrx_word' id='word_1_295' title='bbox 1074 2926 1167 2987; x_wconf 89' lang='lat' dir='ltr'>habeo</span> <span class='ocrx_word' id='word_1_296' title='bbox 1184 2927 1287 2989; x_wconf 90' lang='lat' dir='ltr'>decem</span> 
     </span>
     <span class='ocr_line' id='line_1_33' title="bbox 177 3002 1287 3088; baseline 0.005 -19"><span class='ocrx_word' id='word_1_297' title='bbox 177 3008 277 3088; x_wconf 90' lang='lat' dir='ltr'>pondo</span> <span class='ocrx_word' id='word_1_298' title='bbox 305 3009 445 3070; x_wconf 90' lang='lat' dir='ltr'>armillam</span> <span class='ocrx_word' id='word_1_299' title='bbox 466 3029 501 3069; x_wconf 81' lang='lat' dir='ltr'>ex</span> <span class='ocrx_word' id='word_1_300' title='bbox 519 3009 681 3070; x_wconf 89' lang='lat' dir='ltr'>millesimis</span> <span class='ocrx_word' id='word_1_301' title='bbox 702 3009 836 3070; x_wconf 89' lang='lat' dir='ltr'>Mercurii</span> <span class='ocrx_word' id='word_1_302' title='bbox 860 3002 985 3071; x_wconf 65' lang='lat' dir='ltr'>factam.³</span> <span class='ocrx_word' id='word_1_303' title='bbox 1013 3011 1168 3072; x_wconf 90' lang='lat' dir='ltr'>ultimot</span> <span class='ocrx_word' id='word_1_304' title='bbox 1139 3013 1228 3073; x_wconf 87' lang='lat' dir='ltr'>etiam</span> <span class='ocrx_word' id='word_1_305' title='bbox 1247 3031 1287 3074; x_wconf 92' lang='lat' dir='ltr'>ne</span> 
     </span>
     <span class='ocr_line' id='line_1_34' title="bbox 176 3093 1287 3177; baseline 0.004 -22"><span class='ocrx_word' id='word_1_306' title='bbox 176 3093 293 3155; x_wconf 88' lang='lat' dir='ltr'>mentiri</span> <span class='ocrx_word' id='word_1_307' title='bbox 304 3093 457 3167; x_wconf 89' lang='lat' dir='ltr'>videretur,</span> <span class='ocrx_word' id='word_1_308' title='bbox 472 3101 608 3156; x_wconf 87' lang='lat' dir='ltr'>stateram</span> <span class='ocrx_word' id='word_1_309' title='bbox 621 3094 707 3156; x_wconf 91' lang='lat' dir='ltr'>iussit</span> <span class='ocrx_word' id='word_1_310' title='bbox 719 3094 854 3156; x_wconf 88' lang='lat' dir='ltr'>allerriet</span> <span class='ocrx_word' id='word_1_311' title='bbox 842 3094 984 3156; x_wconf 86' lang='lat' dir='ltr'>tcirculat</span> <span class='ocrx_word' id='word_1_312' title='bbox 985 3097 1024 3157; x_wconf 94' lang='lat' dir='ltr'>im</span> <span class='ocrx_word' id='word_1_313' title='bbox 1036 3097 1194 3176; x_wconf 88' lang='lat' dir='ltr'>approbari</span> <span class='ocrx_word' id='word_1_314' title='bbox 1206 3117 1287 3177; x_wconf 92' lang='lat' dir='ltr'>pon—</span> 
     </span>
     <span class='ocr_line' id='line_1_35' title="bbox 177 3177 1288 3261; baseline 0.006 -23"><span class='ocrx_word' id='word_1_315' title='bbox 177 3177 242 3239; x_wconf 91' lang='lat' dir='ltr'>dus.</span> <span class='ocrx_word' id='word_1_316' title='bbox 272 3197 326 3240; x_wconf 89' lang='lat' dir='ltr'>nec</span> <span class='ocrx_word' id='word_1_317' title='bbox 344 3179 449 3241; x_wconf 91' lang='lat' dir='ltr'>melior</span> <span class='ocrx_word' id='word_1_318' title='bbox 468 3180 611 3253; x_wconf 85' lang='lat' dir='ltr'>Scintilla,</span> <span class='ocrx_word' id='word_1_319' title='bbox 632 3199 705 3259; x_wconf 92' lang='lat' dir='ltr'>quae</span> <span class='ocrx_word' id='word_1_320' title='bbox 729 3180 764 3240; x_wconf 90' lang='lat' dir='ltr'>de</span> <span class='ocrx_word' id='word_1_321' title='bbox 783 3181 892 3242; x_wconf 92' lang='lat' dir='ltr'>cervice</span> <span class='ocrx_word' id='word_1_322' title='bbox 911 3200 963 3242; x_wconf 90' lang='lat' dir='ltr'>sua</span> <span class='ocrx_word' id='word_1_323' title='bbox 984 3182 1139 3261; x_wconf 91' lang='lat' dir='ltr'>capsellam</span> <span class='ocrx_word' id='word_1_324' title='bbox 1161 3184 1288 3245; x_wconf 86' lang='lat' dir='ltr'>detraxit</span> 
     </span>
     <span class='ocr_line' id='line_1_36' title="bbox 177 3263 1289 3373; baseline 0.004 -49"><span class='ocrx_word' id='word_1_325' title='bbox 177 3263 339 3337; x_wconf 87' lang='lat' dir='ltr'>aureolam,</span> <span class='ocrx_word' id='word_1_326' title='bbox 359 3284 455 3362; x_wconf 86' lang='lat' dir='ltr'>quam</span> <span class='ocrx_word' id='word_1_327' title='bbox 461 3265 639 3327; x_wconf 82' lang='lat' dir='ltr'>Felicionem</span> <span class='ocrx_word' id='word_1_328' title='bbox 661 3265 830 3346; x_wconf 89' lang='lat' dir='ltr'>appellabat.</span> <span class='ocrx_word' id='word_1_329' title='bbox 861 3266 929 3328; x_wconf 94' lang='lat' dir='ltr'>inde</span> <span class='ocrx_word' id='word_1_330' title='bbox 949 3267 1007 3328; x_wconf 92' lang='lat' dir='ltr'>duo</span> <span class='ocrx_word' id='word_1_331' title='bbox 1030 3268 1147 3329; x_wconf 87' lang='lat' dir='ltr'>crotalia</span> <span class='ocrx_word' id='word_1_332' title='bbox 1163 3270 1289 3373; x_wconf 82' lang='lat' dir='ltr'>protulit</span> 
     </span>
     <span class='ocr_line' id='line_1_37' title="bbox 177 3343 1287 3433; baseline 0.008 -25.338"><span class='ocrx_word' id='word_1_333' title='bbox 177 3348 423 3410; x_wconf 86' lang='lat' dir='ltr'>etFortunatae&#39;</span> <span class='ocrx_word' id='word_1_334' title='bbox 416 3370 445 3411; x_wconf 95' lang='grc' dir='ltr'>ιιι</span> <span class='ocrx_word' id='word_1_335' title='bbox 464 3351 556 3412; x_wconf 93' lang='lat' dir='ltr'>vicem</span> <span class='ocrx_word' id='word_1_336' title='bbox 577 3351 788 3412; x_wconf 91' lang='lat' dir='ltr'>consideranda</span> <span class='ocrx_word' id='word_1_337' title='bbox 810 3351 889 3412; x_wconf 88' lang='lat' dir='ltr'>dedit</span> <span class='ocrx_word' id='word_1_338' title='bbox 908 3359 936 3413; x_wconf 91' lang='lat' dir='ltr'>et</span> <span class='ocrx_word' id='word_1_339' title='bbox 947 3343 1109 3414; x_wconf 63' lang='lat' dir='ltr'>‘domini&#39;</span> <span class='ocrx_word' id='word_1_340' title='bbox 1103 3355 1199 3433; x_wconf 83' lang='lat' dir='ltr'>inquit</span> <span class='ocrx_word' id='word_1_341' title='bbox 1210 3346 1287 3416; x_wconf 83' lang='lat' dir='ltr'>‘mei</span> 
     </span>
     <span class='ocr_line' id='line_1_38' title="bbox 176 3427 1287 3516; baseline 0.005 -21"><span class='ocrx_word' id='word_1_342' title='bbox 176 3427 655 3498; x_wconf 67' lang='lat' dir='ltr'>beneficionemohabetmeliora?</span> <span class='ocrx_word' id='word_1_343' title='bbox 674 3427 809 3516; x_wconf 60' lang='lat' dir='ltr'>‘quior‘</span> <span class='ocrx_word' id='word_1_344' title='bbox 801 3437 897 3515; x_wconf 82' lang='lat' dir='ltr'>inquit</span> <span class='ocrx_word' id='word_1_345' title='bbox 885 3430 1069 3499; x_wconf 85' lang='lat' dir='ltr'>tHabinnas‘</span> <span class='ocrx_word' id='word_1_346' title='bbox 1071 3440 1287 3502; x_wconf 86' lang='lat' dir='ltr'>excatarissasti</span> 
     </span>
     <span class='ocr_line' id='line_1_39' title="bbox 176 3518 1286 3600; baseline 0.005 -20"><span class='ocrx_word' id='word_1_347' title='bbox 176 3538 240 3592; x_wconf 89' lang='lat' dir='ltr'>mc,</span> <span class='ocrx_word' id='word_1_348' title='bbox 261 3525 321 3579; x_wconf 91' lang='lat' dir='ltr'>utt</span> <span class='ocrx_word' id='word_1_349' title='bbox 308 3518 362 3580; x_wconf 91' lang='lat' dir='ltr'>tibi</span> <span class='ocrx_word' id='word_1_350' title='bbox 378 3539 505 3582; x_wconf 91' lang='lat' dir='ltr'>emerem</span> <span class='ocrx_word' id='word_1_351' title='bbox 520 3521 673 3582; x_wconf 83' lang='lat' dir='ltr'>fabamt</span> <span class='ocrx_word' id='word_1_352' title='bbox 633 3542 660 3586; x_wconf 90' lang='lat' dir='ltr'>vr</span> <span class='ocrx_word' id='word_1_353' title='bbox 661 3530 762 3583; x_wconf 78' lang='lat' dir='ltr'>iream.</span> <span class='ocrx_word' id='word_1_354' title='bbox 793 3523 916 3600; x_wconf 88' lang='lat' dir='ltr'>planc&#39;</span> <span class='ocrx_word' id='word_1_355' title='bbox 893 3543 917 3583; x_wconf 79' lang='grc' dir='ltr'>ιι</span> <span class='ocrx_word' id='word_1_356' title='bbox 933 3523 1022 3584; x_wconf 89' lang='lat' dir='ltr'>liliam</span> <span class='ocrx_word' id='word_1_357' title='bbox 1039 3524 1187 3598; x_wconf 89' lang='lat' dir='ltr'>haberem,</span> <span class='ocrx_word' id='word_1_358' title='bbox 1204 3527 1286 3586; x_wconf 88' lang='lat' dir='ltr'>auri-</span> 
     </span>
     <span class='ocr_line' id='line_1_40' title="bbox 177 3571 1286 3714; baseline 0.007 -49"><span class='ocrx_word' id='word_1_359' title='bbox 177 3605 255 3666; x_wconf 85' lang='lat' dir='ltr'>cules</span> <span class='ocrx_word' id='word_1_360' title='bbox 275 3604 315 3665; x_wconf 92' lang='lat' dir='ltr'>illi</span> <span class='ocrx_word' id='word_1_361' title='bbox 334 3605 540 3684; x_wconf 91' lang='lat' dir='ltr'>praeciderem.</span> <span class='ocrx_word' id='word_1_362' title='bbox 571 3607 748 3668; x_wconf 92' lang='lat' dir='ltr'>mulieres</span> <span class='ocrx_word' id='word_1_363' title='bbox 725 3627 749 3668; x_wconf 90' lang='grc' dir='ltr'>ιι</span> <span class='ocrx_word' id='word_1_364' title='bbox 765 3624 825 3667; x_wconf 90' lang='grc' dir='ltr'>ιιοιι</span> <span class='ocrx_word' id='word_1_365' title='bbox 841 3616 953 3681; x_wconf 89' lang='lat' dir='ltr'>essent,</span> <span class='ocrx_word' id='word_1_366' title='bbox 969 3610 1066 3672; x_wconf 90' lang='lat' dir='ltr'>omnia</span> <span class='ocrx_word' id='word_1_367' title='bbox 1082 3627 1136 3714; x_wconf 92' lang='lat' dir='ltr'>pro</span> <span class='ocrx_word' id='word_1_368' title='bbox 1152 3571 1214 3672; x_wconf 82' lang='grc' dir='ltr'>ιιιιο</span> <span class='ocrx_word' id='word_1_369' title='bbox 1230 3611 1286 3674; x_wconf 89' lang='lat' dir='ltr'>ha·</span> 
     </span>
     <span class='ocr_line' id='line_1_41' title="bbox 174 3656 1122 3774; baseline 0.005 -23"><span class='ocrx_word' id='word_1_370' title='bbox 174 3689 327 3766; x_wconf 83' lang='lat' dir='ltr'>beremus3</span> <span class='ocrx_word' id='word_1_371' title='bbox 342 3708 421 3752; x_wconf 91' lang='lat' dir='ltr'>nunc</span> <span class='ocrx_word' id='word_1_372' title='bbox 436 3691 492 3752; x_wconf 92' lang='lat' dir='ltr'>hoc</span> <span class='ocrx_word' id='word_1_373' title='bbox 507 3698 552 3752; x_wconf 92' lang='lat' dir='ltr'>est</span> <span class='ocrx_word' id='word_1_374' title='bbox 568 3691 681 3752; x_wconf 87' lang='lat' dir='ltr'>caldum</span> <span class='ocrx_word' id='word_1_375' title='bbox 696 3692 803 3752; x_wconf 88' lang='lat' dir='ltr'>meiere</span> <span class='ocrx_word' id='word_1_376' title='bbox 818 3700 846 3753; x_wconf 91' lang='lat' dir='ltr'>et</span> <span class='ocrx_word' id='word_1_377' title='bbox 858 3656 996 3770; x_wconf 74' lang='lat' dir='ltr'>frigidum</span> <span class='ocrx_word' id='word_1_378' title='bbox 1012 3703 1065 3774; x_wconf 93' lang='lat' dir='ltr'>pot</span> <span class='ocrx_word' id='word_1_379' title='bbox 1066 3715 1122 3756; x_wconf 91' lang='lat' dir='ltr'>are.</span> 
     </span>
     <span class='ocr_line' id='line_1_42' title="bbox 259 3775 1287 3860; baseline 0.009 -24"><span class='ocrx_word' id='word_1_380' title='bbox 259 3775 377 3838; x_wconf 89' lang='lat' dir='ltr'>interim</span> <span class='ocrx_word' id='word_1_381' title='bbox 397 3777 532 3838; x_wconf 91' lang='lat' dir='ltr'>mulieres</span> <span class='ocrx_word' id='word_1_382' title='bbox 553 3777 665 3838; x_wconf 89' lang='lat' dir='ltr'>sauciae</span> <span class='ocrx_word' id='word_1_383' title='bbox 679 3777 754 3838; x_wconf 92' lang='lat' dir='ltr'>inter</span> <span class='ocrx_word' id='word_1_384' title='bbox 769 3797 800 3838; x_wconf 90' lang='lat' dir='ltr'>se</span> <span class='ocrx_word' id='word_1_385' title='bbox 815 3777 945 3840; x_wconf 92' lang='lat' dir='ltr'>riserunt</span> <span class='ocrx_word' id='word_1_386' title='bbox 959 3779 1135 3860; x_wconf 91' lang='lat' dir='ltr'>ebriaeque&#39;</span> <span class='ocrx_word' id='word_1_387' title='bbox 1127 3792 1287 3845; x_wconf 84' lang='lat' dir='ltr'>iunxerunt</span> 
     </span>
    </p>
   </div>
   <div class='ocr_carea' id='block_1_3' title="bbox 176 3861 1285 3945">
    <p class='ocr_par' dir='ltr' id='par_1_3' title="bbox 176 3861 1285 3945">
     <span class='ocr_line' id='line_1_43' title="bbox 176 3861 1285 3945; baseline 0.005 -19"><span class='ocrx_word' id='word_1_388' title='bbox 176 3861 288 3940; x_wconf 86' lang='lat' dir='ltr'>oscula,</span> <span class='ocrx_word' id='word_1_389' title='bbox 309 3863 379 3926; x_wconf 92' lang='lat' dir='ltr'>dum</span> <span class='ocrx_word' id='word_1_390' title='bbox 396 3862 483 3925; x_wconf 85' lang='lat' dir='ltr'>altera</span> <span class='ocrx_word' id='word_1_391' title='bbox 499 3862 674 3945; x_wconf 85' lang='lat' dir='ltr'>diligentiam</span> <span class='ocrx_word' id='word_1_392' title='bbox 692 3863 794 3926; x_wconf 89' lang='lat' dir='ltr'>matris</span> <span class='ocrx_word' id='word_1_393' title='bbox 809 3863 956 3926; x_wconf 90' lang='lat' dir='ltr'>familiae</span> <span class='ocrx_word' id='word_1_394' title='bbox 948 3873 1047 3943; x_wconf 78' lang='lat' dir='ltr'>iactat,</span> <span class='ocrx_word' id='word_1_395' title='bbox 1063 3868 1151 3930; x_wconf 90' lang='lat' dir='ltr'>altera</span> <span class='ocrx_word' id='word_1_396' title='bbox 1167 3869 1285 3934; x_wconf 90' lang='lat' dir='ltr'>delicias</span> 
     </span>
    </p>
   </div>
   <div class='ocr_carea' id='block_1_4' title="bbox 0 0 1391 4344">
    <p class='ocr_par' dir='ltr' id='par_1_4' title="bbox 0 0 1391 4344">
     <span class='ocr_line' id='line_1_44' title="bbox 0 0 1391 4344; baseline 0 0"><span class='ocrx_word' id='word_1_397' title='bbox 0 0 1391 4344; x_wconf 95' lang='lat' dir='ltr'> </span> 
     </span>
    </p>
   </div>
  </div>
 </body>
</html>
