2762 4344
241 242 281 303 44
717 239 874 292 curamur

241 412 297 456 nec
316 394 462 458 silentium
482 394 577 457 noctis
600 395 657 458 iam
673 395 786 457 mediae
801 395 990 474 promittebat
1005 397 1223 460 occurrentium
1239 398 1348 462 lumen.

234 477 397 544 'accedebat
415 482 473 544 huc
493 479 616 544 ebrietas
637 490 666 542 et
684 481 880 561 imprudentia
901 480 1033 550 locorum
1049 482 1135 544 etiam
1152 483 1281 546 interdiu
1298 485 1349 546 ob-

242 587 337 631 scura.
367 569 463 647 itaque
485 587 551 631 cum
571 569 644 628 hora
660 586 752 647 paene
766 574 826 629 tota
842 585 894 647 per
906 585 1009 629 omnes
1025 585 1151 648 scrupos
1168 577 1349 649 gastrarum-

242 673 298 733 que
313 655 502 715 emineutium
517 655 680 733 fragmenta
694 653 886 714 traxissemus
901 661 1039 715 cruentos
1052 655 1151 733 pedes,
1167 654 1291 717 medem
1303 677 1348 717 er-

240 740 330 818 pliciti
342 741 475 801 acumine
484 740 598 802 Gitonis
609 757 722 802 sumus.
738 739 867 818 prudens
879 739 957 800 enim
972 740 1094 818 [pn'dieq
1107 758 1174 802 cum
1187 741 1254 802 luce
1266 743 1347 804 etiam

234 827 316 888 clara
337 826 454 889 timeret
475 844 621 899 errorem,
642 841 745 885 omnes
765 825 838 904 pilas
860 824 1071 905 columnasque
1091 833 1248 888 notaverat
1267 837 1347 900 creta,

242 929 315 990 quae
335 911 500 973 liniamenta
516 912 665 972 evicerunt
679 911 893 991 spississimam
909 918 1026 972 noctem
1043 918 1071 972 et
1085 911 1206 973 notabili
1223 915 1348 974 candore

242 997 433 1060 ostenderunt
444 997 609 1058 errantibus
622 996 707 1058 viam.
730 995 862 1077 quamvis
874 1013 935 1056 nou
947 997 1046 1058 minus
1059 997 1179 1058 sudoris
1191 998 1348 1060 habuimus

240 1085 327 1147 etiam
343 1089 501 1163 postquam
517 1083 553 1143 ad
570 1081 714 1143 stabulum
732 1083 928 1162 pervenimus.
959 1101 1033 1144 anus
1046 1083 1122 1144 enim
1135 1084 1199 1163 ipsa
1210 1085 1291 1145 iuter
1302 1087 1347 1146 da·

241 1171 318 1232 vensi
319 1178 398 1230 tores
415 1169 523 1230 diutius
540 1168 713 1266 ingurgitata
729 1187 766 1230 ne
781 1168 878 1246 ignem
895 1168 1013 1248 quidem
1029 1168 1182 1230 admotum
1198 1172 1345 1232 sensisset.

242 1264 272 1318 et
285 1254 409 1316 forsitan
425 1262 682 1334 pernoctassemus
704 1255 734 1315 in
755 1253 869 1325 limine,
891 1255 920 1314 ni
941 1253 1107 1316 tabellarius
1124 1255 1344 1318 Trimalchionis

241 1317 490 1403 intervenisset.
504 1339 665 1418 vehiculis
687 1340 776 1400 dives.
808 1356 869 1400 non
886 1339 935 1400 diu
951 1358 1020 1418 ergo
1035 1341 1229 1402 tumultuatus
1247 1343 1345 1404 stabuli

241 1430 357 1490 ianuam
373 1427 529 1506 etfregitet
543 1445 599 1487 nos
615 1444 668 1505 per
683 1426 849 1487 eandem..
863 1433 993 1486 terram
1009 1425 1127 1487 admisit

784 1523 805 1564 a

485 1598 577 1676 qualis
593 1615 652 1658 uox
666 1597 721 1658 fuit
735 1596 794 1667 illa,
811 1596 839 1657 di
855 1596 996 1676 deaeque,

485 1701 572 1761 quam
588 1682 686 1744 mollis
702 1689 796 1744 torus.
825 1682 974 1743 haesimus
990 1681 1116 1744 calentes

485 1775 514 1828 et
528 1768 742 1830 transfudimus
758 1768 827 1828 hiuc
842 1775 871 1828 et
885 1769 953 1830 hinc
968 1767 1075 1829 labellis

486 1861 616 1915 errantes
632 1854 754 1916 animas.
784 1853 881 1927 valete,
897 1873 983 1915 curae

485 1940 627 2002 mortalis.
657 1958 711 2020 ego
728 1939 771 2000 sic
785 1939 881 2019 perire
897 1939 988 2020 coepi.

192 2094 194 2098 7
242 2026 306 2088 sine
322 2045 424 2088 caussa
436 2026 566 2104 gratulor
578 2027 659 2088 mihi.
680 2043 747 2087 narn
761 2044 827 2086 curn
840 2025 954 2087 solutus
966 2042 1048 2085 merc
1060 2024 1246 2088 remisissem
1258 2026 1346 2086 ebrias

241 2129 355 2185 manus,
371 2113 513 2192 Ascyltos,
530 2112 627 2173 omnis
642 2111 763 2173 iniuriae
778 2111 922 2183 inventor,
938 2110 1075 2172 subduxit
1089 2111 1162 2172 mihi
1177 2107 1267 2174 n'octe
1280 2131 1345 2190 pue

240 2217 306 2260 rum
326 2207 356 2259 et
374 2199 404 2260 in
425 2199 531 2259 lectum
547 2198 693 2260 transtulit
707 2216 804 2270 suum,
820 2197 1025 2275 volutatusque
1040 2195 1162 2258 liberius
1178 2216 1248 2258 curn
1264 2199 1347 2258 fratre

241 2301 302 2347 non
322 2302 392 2356 suo,
413 2282 473 2344 sive
493 2301 554 2345 uon
574 2285 718 2346 sentiente
738 2283 873 2345 iniuriam
890 2283 950 2344 sive
966 2281 1183 2356 dissimulante,
1204 2284 1347 2344 indormi-

241 2372 281 2431 vit
301 2369 402 2430 alienis
423 2369 603 2448 amplexibus
627 2369 734 2430 oblitus
755 2368 826 2429 iuris
846 2368 975 2430 humani.
1006 2368 1103 2447 itaque
1122 2387 1177 2447 ego
1198 2377 1232 2446 ut
1247 2387 1348 2448 exper-

241 2463 338 2517 rectus
350 2455 522 2534 pertractavi
535 2455 639 2534 gaudio
653 2455 847 2534 despoliatum
859 2461 959 2514 torum
970 2497 1045 2516 .....
1059 2453 1084 2514 si
1096 2472 1153 2533 qua
1165 2462 1213 2516 est
1224 2457 1346 2516 amanti·

241 2541 296 2602 bus
312 2540 395 2612 tides,
414 2541 487 2618 [ego]
505 2539 640 2613 dubitavi,
658 2558 694 2602 ao
709 2546 857 2617 utrunque
871 2538 1023 2600 traicerem
1040 2540 1133 2619 gladio
1150 2559 1347 2619 somnumque

242 2626 331 2687 morti
351 2625 510 2702 fungerem.
539 2625 631 2686 tutius
651 2624 768 2685 demum
789 2631 871 2686 secut
872 2643 906 2685 us
859 2625 1082 2686 tconsilium
1104 2625 1212 2688 Gitona
1233 2626 1347 2727 quidem

241 2710 412 2772 verberibus
433 2709 565 2784 excitavi,
585 2709 725 2791 Ascylton
744 2717 840 2770 autern
861 2710 934 2772 truci
954 2710 1070 2772 intuens
1091 2702 1199 2773 vultu
1202 2703 1347 2792 quoniam³

240 2797 361 2893 inquam
378 2786 478 2856 fidem
499 2795 607 2856 scelere
629 2795 798 2856 violastit
721 2803 798 2856 tte
817 2813 1005 2857 communem
1025 2795 1197 2899 amicitiam,
1216 2816 1266 2862 res
1284 2806 1347 2858 tuas

241 2883 323 2944 ocius
338 2881 406 2944 tolle
422 2889 450 2943 et
464 2881 551 2943 alium
566 2881 679 2956 locum,
696 2900 781 2961 quem
797 2881 926 2960 polluas,
944 2872 1069 2962 quaere.³
1097 2900 1160 2943 uon
1168 2884 1349 2986 repugnavit

242 2969 297 3043 ille,
315 2968 365 3029 sed
382 2974 538 3048 postquam
556 2968 665 3047 optima
680 2968 737 3029 lide
751 2967 849 3064 partiti
865 2968 1017 3029 manubias
1024 2985 1151 3040 ιιιιιιιιι,
1168 2959 1241 3048 ‘’age
1259 2970 1348 3049 inquit

186 3046 248 3120 80
256 3071 335 3117 nunc
354 3061 384 3114 et
403 3072 527 3134 puerum
547 3045 726 3114 dividamus.³
757 3053 846 3114 iocari
839 3053 1001 3154 putabam
1018 3053 1230 3117 discedentem.
1263 3063 1291 3117 at
1307 3056 1348 3116 ille

242 3141 369 3220 gladium
384 3139 548 3220 parricidali
564 3156 653 3200 manu
668 3139 786 3200 strinxit
799 3129 849 3199 et
851 3157 912 3199 non
922 3129 1036 3200 frueris³
1047 3139 1143 3218 iuquit
1153 3131 1221 3203 ‘hac
1232 3142 1348 3220 praeda.

242 3243 434 3305 superquam
450 3225 531 3286 solus
547 3223 702 3286 incumbis.
725 3231 837 3302 partem
854 3242 947 3286 meam
963 3243 1082 3286 necesse
1098 3232 1144 3285 est
1155 3225 1202 3286 vel
1217 3227 1276 3288 hoc
1290 3227 1349 3303 gla-

242 3310 289 3371 dio
307 3317 458 3390 contempt
459 3329 495 3372 us
446 3300 701 3372 tabscindam.³
723 3310 799 3372 idem
816 3328 869 3388 ego
886 3329 920 3370 ex
934 3310 1022 3372 altera
1037 3317 1119 3390 parte
1130 3310 1189 3372 feci
1200 3313 1248 3372 et'
1239 3331 1271 3372 ιιι
1273 3319 1349 3372 torto

241 3395 317 3456 circa
332 3395 481 3456 brachium
497 3395 583 3475 pallio
599 3397 754 3474 composui
770 3395 804 3456 ad
817 3394 1020 3475 proeliandum
1031 3395 1165 3492 gradum.
1188 3395 1267 3459 iuter
1277 3398 1350 3458 hauc

241 3480 418 3542 miserorum
434 3480 610 3544 dementiam
624 3481 842 3543 infelicissimus
857 3499 931 3561 puer
942 3482 1080 3561 tangebat
1091 3481 1246 3562 utriusque
1258 3501 1350 3560 genua

242 3585 317 3642 cum
324 3567 393 3627 lletu
408 3566 579 3646 petebatque
595 3566 774 3663 suppliciter,
790 3586 828 3628 ne
841 3567 1013 3628 Thebanum
1029 3586 1083 3647 par
1097 3567 1218 3630 humilis
1229 3568 1351 3630 taberna

243 3659 401 3733 spectaret
424 3670 498 3713 neve
513 3651 655 3731 sanguine
671 3661 773 3716 mutuo
788 3652 986 3756 pollueremus
1002 3653 1205 3716 familiaritatis
1221 3653 1351 3716 clarissi-

242 3758 306 3801 mae
327 3756 418 3799 sacra.
446 3729 581 3817 ‘'quod
556 3757 582 3799 si
598 3731 709 3817 utique'
726 3730 965 3818 proclamabatf
964 3757 1080 3801 aornore
1095 3757 1171 3819 opus
1188 3747 1249 3814 est,
1270 3740 1351 3800 nudo

242 3843 307 3887 ecce
327 3823 472 3902 iugulum,
500 3824 660 3886 convertite
678 3825 736 3885 huc
760 3841 881 3897 manus,
909 3823 1068 3927 imprimite
1088 3844 1261 3892 mucrones.
1297 3845 1352 3903 ego

243 3929 319 3972 mon
311 3908 435 3987 debeo,
452 3909 503 3989 qui
518 3909 660 3972 amicitiae
675 3917 890 3972 sacramentum
906 3901 1014 3971 delevi.³
1042 3909 1225 3974 inhibuimus
1236 3913 1352 3976 ferrum
