2762 4344
596 194 738 248 sarram
1173 206 1213 268 51

273 347 330 408 iam
345 354 441 408 morte
455 347 532 426 pasti
547 348 736 446 membraque
750 349 787 412 ad
801 357 910 416 terram
924 353 1053 446 trahunt.
1113 371 1146 422 ιο

273 431 348 494 ιιιιι
361 434 499 496 sacerdos
514 434 589 497 inter
604 454 668 498 aras
684 434 800 498 victima

272 525 437 599 terramque
452 520 570 598 plangit.
602 521 644 581 sic
658 521 820 618 profanatis
835 524 927 587 saeris

272 604 400 683 peritura
417 606 506 666 Troia
522 605 648 684 perdidit
661 608 790 686 primum
808 609 889 672 deos.

321 690 378 752 iam
395 691 479 770 plena
494 691 613 753 Phoebe
628 693 783 754 candidum
800 696 940 784 extulerat
952 695 1037 759 iubar

272 775 386 838 minora
403 779 513 838 ducens
529 785 606 839 astra
621 779 745 840 radiant
725 787 746 840 ιι
761 780 839 855 ιιιι,
1112 801 1145 850 ιι

271 880 339 922 cum
354 863 430 923 inter
446 864 577 942 sepultos
593 864 755 926 Priamidas
770 875 858 928 nocte
873 873 901 928 et
916 886 998 929 mero

271 947 361 1008 llanai
373 949 502 1020 relaxant
518 949 612 1011 claust
599 956 643 1011 tra
660 958 688 1012 et
703 952 895 1014 effundunt
870 971 959 1016 viros.
1045 1014 1047 1018 .

270 1034 427 1095 tentantia
442 1034 531 1096 armis
548 1036 697 1109 seduces,
714 1056 766 1098 ceu
783 1037 830 1099 uhi
847 1038 921 1099 solet

166 1151 167 1156 κ
269 1120 349 1179 nodo
361 1119 506 1182 remissus
522 1120 653 1182 Thessali
669 1123 859 1202 quadrupes
852 1123 912 1202 rugi

271 1223 411 1266 cervicem
426 1213 455 1266 e
443 1206 540 1268 taltas
556 1214 675 1286 quatere
691 1208 726 1269 ad
742 1227 899 1270 excursum
914 1209 1007 1272 iubas.
1110 1227 1143 1277 ιιι

269 1289 380 1368 gladios
396 1299 567 1366 retractant,
582 1294 875 1355 commoventorhes
891 1313 982 1358 manu

267 1375 433 1456 bellumque
448 1386 577 1439 sumunt.
608 1378 656 1440 hic
670 1397 771 1456 graves
787 1380 861 1440 alius
878 1398 960 1442 mero

269 1461 320 1523 obt
308 1470 453 1524 tterunoa
453 1465 633 1525 ctontinuat
645 1464 676 1524 ιιι
692 1473 817 1526 mortem
832 1465 966 1528 ultimam

268 1565 406 1623 somnos,
423 1549 458 1609 ab
473 1549 532 1610 aris
548 1550 620 1610 alius
635 1549 766 1610 accendit
780 1551 859 1612 laces

268 1641 428 1712 contraque
443 1634 537 1696 Troas
553 1635 669 1696 invocat
684 1635 788 1696 Troiae
804 1626 904 1698 sacra.'
1107 1652 1139 1702 65

186 1765 194 1778 .
209 1763 215 1778 .
230 1763 237 1778 .
251 1737 285 1778 ex
299 1719 334 1793 is,
350 1720 399 1798 qui
414 1719 444 1781 in
459 1721 621 1801 porticibus
638 1721 845 1800 spatiabantur,
859 1721 970 1801 lapides
985 1722 1016 1784 ιιι
1027 1719 1207 1802 Eumolpum
1223 1727 1264 1790 90

93 1803 274 1864 recitantem
290 1806 441 1867 miserunt.
472 1813 501 1867 at
489 1807 569 1879 tilla,
587 1806 635 1886 qui
651 1807 785 1886 plausum
801 1807 909 1887 ingenii
926 1807 971 1872 sui
987 1817 1119 1883 noverat,
1135 1828 1207 1888 ope·

92 1890 157 1950 ruit
177 1898 269 1969 caput
286 1899 423 1971 extraque
443 1892 584 1971 templum
606 1892 746 1971 profugit.
775 1892 860 1954 timui
880 1911 948 1972 eqo,
969 1911 1006 1954 ne
1026 1912 1074 1954 me
1090 1902 1206 1990 poetam
1278 1913 1281 1919 ’
1373 1909 1374 1916 ’

93 1983 226 2036 ιοιιιιι.
256 1977 352 2056 itaque
364 1977 538 2039 subsecutus
549 1977 709 2075 fugientem
722 1978 756 2039 ad
769 1978 802 2039 lit
790 1987 838 2040 tus
841 1979 978 2082 perveni,
994 1984 1023 2039 ιι
1033 1987 1066 2040 ιιι
1077 1979 1206 2076 primum

93 2069 144 2122 ιιιι
145 2081 179 2122 ra
131 2061 252 2122 tteh
271 2063 387 2123 oonieet
388 2081 438 2123 um
458 2063 540 2124 licuit
559 2063 734 2137 consistere,
746 2053 850 2142 ‘’rogo
864 2064 983 2144 inquam
995 2056 1080 2142 ‘quid
1097 2063 1188 2126 ιιιιι
1164 2082 1205 2124 ιιι

94 2167 164 2209 oum
187 2147 247 2208 isto
267 2145 396 2210 morbo?
426 2134 533 2210 minus
546 2167 632 2228 quam
653 2148 765 2210 duabus
785 2149 867 2210 horis
888 2167 1003 2210 mecum
1019 2151 1162 2224 moraris
1179 2157 1208 2212 et

95 2233 216 2312 saepius
239 2233 352 2312 poetice
373 2253 460 2312 quam
479 2234 606 2295 humane
620 2233 737 2294 locutus
751 2253 793 2296 ea.
822 2235 919 2312 itaque
935 2251 996 2294 non
1011 2233 1118 2309 miror,
1138 2235 1163 2296 si
1178 2243 1207 2296 te

95 2319 228 2398 populus
244 2318 389 2398 lapidibus
404 2320 539 2399 persequi
541 2327 597 2380 t.ur
627 2335 682 2397 ego
694 2336 812 2399 quoque
823 2319 920 2381 sinum
933 2338 1032 2381 meum
1044 2319 1121 2380 saxis
1133 2339 1207 2383 one-

97 2405 179 2478 rabo,
197 2412 230 2466 ut
245 2405 477 2503 quotiescunque
492 2404 624 2509 coeperis
640 2423 656 2465 a
670 2412 699 2465 ιι
714 2404 804 2478 ιιιιι,
821 2405 993 2510 sanguinem
1014 2405 1066 2466 tihi
1081 2425 1098 2466 a
1113 2405 1207 2486 capite

104 2481 232 2551 mittam.
263 2491 356 2551 movit
374 2490 420 2551 ille
434 2492 545 2553 vultum
561 2483 611 2553 ιι(
618 2480 706 2552 omi'
722 2491 817 2572 inquit
826 2483 1026 2565 ‘‚adnlescens
1041 2509 1102 2553 non
1118 2492 1206 2555 hodie

102 2575 229 2654 primum
245 2577 377 2655 auspicat
378 2596 413 2638 us
429 2596 505 2638 sum.
535 2577 627 2638 immo
643 2577 785 2676 quotiest
773 2578 977 2650 theatrum,t
944 2584 977 2638 ut
990 2577 1141 2640 recitarem
1154 2577 1206 2639 ali-

101 2662 182 2742 quid
198 2662 319 2739 intravi,
336 2662 391 2724 hac
405 2681 452 2723 me
468 2663 626 2725 adventicia
642 2664 774 2742 excipere
789 2663 949 2743 frequentia
964 2663 1046 2726 solet
1077 2670 1206 2724 ceterum

97 2766 133 2808 ιιι
147 2749 220 2824 [etlt
221 2766 305 2810 ecum
322 2767 439 2851 quoque
451 2748 573 2810 habeam
584 2748 748 2823 rixandum,
763 2755 809 2810 tot
797 2749 885 2811 todie
897 2769 944 2810 me
957 2749 992 2810 ab
1005 2749 1063 2810 hoc
1074 2748 1139 2810 cibo
1152 2748 1206 2809 ah·

98 2823 270 2894 stinebo.'‘
276 2825 384 2896 immo'
398 2833 519 2914 inquam
535 2853 589 2914 ego
601 2827 644 2898 ‘si
660 2835 754 2898 eiuras
770 2835 944 2898 hodiernam
960 2834 1060 2906 bilem,
1083 2852 1142 2894 una
1157 2851 1205 2894 ce·

95 2909 247 2981 nahimus'

640 3016 661 3056 εκ.
756 3033 760 3044 .

183 3091 291 3154 mando
307 3091 503 3154 aedicularum
520 3089 635 3152 custodi
651 3090 769 3153 cenulae
785 3089 914 3151 officium

640 3187 661 3226 a
769 3175 779 3191 .

169 3264 266 3326 video
284 3263 332 3324 Git
319 3269 389 3324 tona
404 3280 471 3324 cum
481 3261 535 3322 lint
536 3261 618 3325 eiset
606 3261 785 3340 tstrigilibus
797 3260 900 3357 parieti
911 3257 1078 3405 applicitum
1090 3256 1205 3321 tristem
1220 3257 1258 3318 91

99 3349 327 3428 confusumque.
356 3349 456 3422 scires,
471 3365 532 3409 non
547 3348 670 3409 libenter
681 3366 799 3408 servire
822 3345 963 3424 itaqueut
974 3345 1205 3425 experimentum

99 3434 251 3497 oculorum
254 3453 407 3537 caperem
425 3479 514 3494 .....
530 3435 672 3495 convertit
638 3432 737 3494 trtille
757 3431 888 3493 solutum
908 3431 1012 3510 gaudio
1039 3432 1151 3494 vultum
1178 3437 1206 3492 ιι

95 3510 264 3582 ‘miserere
286 3520 379 3599 inquit
367 3511 505 3582 tirater.
535 3518 585 3580 ubi
600 3537 681 3580 arma
695 3535 757 3577 non
772 3523 857 3590 sunt,
880 3515 969 3579 libere
984 3517 1098 3596 loquor.
1128 3517 1206 3594 eripe

99 3625 145 3667 me
160 3605 268 3667 latroni
286 3613 406 3667 cruento
427 3626 443 3666 e
444 3605 595 3684 tqualibet
607 3602 723 3665 saevitia
734 3603 884 3682 poenitent
885 3602 942 3666 iam
955 3602 1057 3664 iudicis
1068 3601 1110 3663 tui
1121 3600 1203 3681 puni.

100 3691 169 3752 satis
185 3709 326 3770 magnum
346 3691 400 3751 erit
419 3693 529 3752 misero
546 3688 696 3762 solatium,
718 3695 767 3750 tua
781 3689 929 3751 voluntate
945 3678 1103 3750 cecidisse.²
1131 3704 1205 3765 sup-

100 3777 225 3854 primere
245 3796 299 3855 ego
321 3777 476 3856 querellam
498 3776 599 3848 iubeo,
620 3793 657 3838 ne
678 3777 743 3855 quis
760 3775 881 3837 consilia
896 3772 1137 3854 deprehenderet,
1158 3789 1205 3832 re—

99 3862 148 3923 lict
136 3869 224 3942 toque
239 3862 386 3941 Eumolpo
402 3899 443 3906 -
459 3880 527 3924 nam
549 3862 579 3922 in
593 3823 698 3924 balneo
715 3881 832 3924 carmen
846 3859 986 3923 recitabat
999 3893 1041 3904 —-
1056 3875 1109 3937 per
1123 3864 1206 3920 tene-

972 3957 1005 4008 4*
