2762 4344
151 203 190 267 12
626 196 782 260 rnruouu

148 356 246 420 fricuit
265 362 294 417 et
313 373 375 417 non
395 354 546 418 sentientis
565 351 647 416 labra
660 353 860 433 humerosque
876 353 1018 434 sopiti...
1032 353 1138 416 onibus
1154 355 1261 436 pinxit.

147 443 206 506 iam
223 460 276 522 ego
292 441 378 503 etiam
393 448 439 504 tot
451 441 535 502 malis
549 440 686 518 fatigatus
702 438 857 501 minimum
869 439 955 501 veluti
970 449 1088 518 gustum
1100 441 1262 504 hauseram

150 529 264 603 somni;
285 527 362 588 idem
383 533 411 590 et
430 533 490 589 tota
511 527 587 588 intra
607 525 738 605 forisque
757 525 864 588 familia
878 525 999 597 fecerat,
1021 533 1105 606 atque
1120 526 1167 588 alii
1183 527 1263 589 circa

150 615 241 696 pedes
258 611 504 675 discumbentium
520 611 615 692 sparsi
629 611 776 685 iacebant,
792 611 837 672 alii
853 611 1013 691 parietibus
1029 612 1173 692 appliciti,
1193 613 1263 692 qui-

150 702 217 763 dam
236 700 266 760 in
286 699 352 778 ipso
371 699 471 761 limine
486 697 648 760 coniunctis
668 697 835 759 marcebant
855 696 1012 776 capitibus3
1031 698 1167 760 lucernae
1183 718 1263 778 quo·

151 805 207 866 que
226 785 352 846 humore
371 785 496 847 defectae
515 792 605 846 tenue
624 790 653 843 et
672 790 834 844 extremum
854 783 952 844 lumen
972 783 1163 863 spargebant:
1192 804 1262 846 cum

150 873 208 934 duo
226 870 290 950 Syri
305 871 455 950 expilaturi
474 870 643 948 [lagoenam]
661 868 818 930 triclinium
834 867 1022 942 intraverunt,
1040 870 1170 949 dumque
1184 871 1265 932 inter

150 963 303 1037 argentum
325 956 435 1018 avidius
455 956 602 1028 rixantur,
629 954 777 1015 diductam
796 952 947 1033 fregerunt
964 955 1123 1034 lagoenam.
1156 956 1264 1018 cecidit

149 1045 236 1105 etiam
252 1060 353 1104 mensa
369 1061 434 1104 oum
451 1046 583 1120 argento,
598 1047 628 1100 et
642 1039 762 1101 ancillae
773 1059 862 1120 super
873 1048 972 1101 torum
984 1041 1139 1102 marcentis
1153 1061 1263 1103 excus-

150 1148 215 1190 sum
235 1127 312 1188 forte
332 1127 416 1189 altius
436 1126 575 1207 poculum
596 1133 683 1205 caput
696 1126 799 1204 tetigit.
829 1125 863 1186 ad
880 1145 965 1205 quem
981 1125 1072 1187 ictum
1088 1127 1264 1190 exclamavit

148 1215 193 1276 illa
210 1213 375 1294 pariterque
394 1215 423 1274 et
440 1213 520 1274 fures
542 1211 672 1292 prodidit
684 1220 712 1273 et
727 1219 839 1291 partem
856 1211 1005 1273 ebriorum
1021 1211 1162 1276 excitavit.
1195 1215 1263 1295 Syri

149 1300 189 1361 illi
211 1298 261 1380 qui
281 1307 419 1361 venerant
439 1299 474 1361 ad
495 1298 650 1378 praedam,
666 1305 825 1377 postquam
842 1297 1043 1376 deprehensos
1059 1317 1091 1359 se
1105 1298 1263 1362 intellexe-

149 1394 233 1458 runt,
256 1384 364 1464 pariter
379 1386 541 1447 secundum
556 1385 661 1458 lectum
680 1384 879 1455 conciderunt,
897 1391 929 1444 ut
942 1391 1060 1462 putares
1075 1385 1133 1447 boc
1149 1403 1263 1448 conve·

149 1471 240 1544 nisse,
255 1477 285 1530 et
299 1477 420 1532 stertere
434 1477 571 1550 tanquam
588 1469 657 1530 olim
673 1469 852 1532 dormientes
869 1477 1037 1550 coeperunt.

234 1554 292 1616 iam
312 1562 342 1616 et
359 1555 568 1617 tricliniarches
588 1563 774 1635 experrectus
793 1555 919 1618 lucernis
940 1554 1140 1618 occidentibus
1161 1557 1261 1619 oleum

150 1641 304 1714 infuderat,
317 1647 346 1702 et
355 1641 437 1721 pueri
450 1641 575 1703 detersis
586 1639 733 1719 paulisper
745 1641 838 1702 oculis
850 1640 996 1703 redierant
1007 1643 1042 1704 ad
1050 1642 1261 1718 ministerium,

93 1728 134 1790 23
151 1747 218 1790 cum
238 1727 350 1789 intrans
372 1726 565 1806 cymbalistria
586 1733 614 1786 et
632 1744 813 1808 concrepans
833 1745 900 1788 aera
921 1745 1023 1788 omnes
1038 1729 1180 1791 excitauit.
1211 1748 1261 1790 re-

149 1815 258 1876 fectum
278 1813 366 1891 igitur
386 1819 432 1874 est
447 1811 609 1874 convivium
627 1818 656 1872 et
669 1830 772 1874 rursus
789 1812 928 1886 Quartilla
944 1811 1156 1876 adhibendum
1172 1833 1260 1876 revo-

149 1900 231 1963 oavit.
262 1898 557 1961 adiuvithilaritatem
573 1897 760 1960 comissantis
777 1897 973 1979 cymbalistria

698 2002 718 2046 a

233 2069 322 2133 intrat
336 2069 482 2144 cinaedus,
497 2070 589 2131 bomo
602 2069 736 2131 omnium
747 2069 962 2132 insulsissimus
974 2078 1002 2131 et
1013 2070 1098 2150 plane
1109 2071 1155 2132 illa
1167 2071 1259 2133 domo

149 2156 268 2236 dignus,
289 2157 338 2236 qui
357 2163 391 2218 ut
410 2156 541 2218 infractis
561 2155 697 2218 manibus
713 2156 894 2236 congemuit,
910 2156 1056 2218 eiusmodi
1071 2156 1200 2219 earmina
1216 2159 1260 2219 el-

147 2242 236 2305 ludit:

296 2317 372 2389 ‘huc
386 2329 444 2388 huc
459 2327 595 2388 convenit
583 2333 612 2386 te
627 2345 720 2400 nuno,
736 2335 802 2406 spat
790 2326 977 2401 t,alociuaedi

313 2412 414 2492 pedet
401 2413 494 2473 tendit
483 2420 523 2488 te,
541 2430 659 2489 cursum
675 2412 786 2487 addite,
803 2412 954 2473 convolate
969 2412 1080 2491 planta,

313 2499 425 2559 femore
440 2498 532 2571 facili,
549 2485 632 2558 clune
648 2498 712 2578 agili
728 2505 756 2559 et
770 2516 860 2559 manu
875 2516 1028 2600 procaces,

313 2583 433 2655 molles,
447 2590 571 2657 veteres,
587 2583 690 2645 Deliaci
706 2601 796 2644 manu
810 2573 913 2644 recisi.³

151 2668 336 2748 consumptis
356 2668 488 2730 versibus
509 2669 570 2729 suis
592 2668 830 2731 immundissimo
845 2687 899 2729 me
913 2667 997 2730 basio
1013 2669 1159 2750 conspuit.
1189 2689 1261 2732 mox

149 2761 179 2815 et
200 2772 289 2833 super
307 2754 363 2815 lect
351 2761 414 2814 turn
432 2753 546 2815 venita
531 2761 616 2833 tque
635 2754 715 2815 omni
736 2774 763 2815 u
755 2753 884 2815 detexit
899 2763 1077 2816 recusantes.
1109 2773 1199 2834 super
1213 2756 1260 2817 in-

150 2839 237 2918 guina
254 2859 320 2900 mea
336 2839 385 2901 diu
400 2839 582 2937 multumque
597 2839 706 2901 frustra
722 2839 1049 2919 moluitprolluebant
1064 2858 1117 2921 per
1130 2841 1259 2902 frontem

150 2925 265 2986 sudant'
244 2933 282 2988 trs
298 2924 410 2987 acaciae
425 2925 489 2999 rivi,
505 2933 534 2986 et
548 2925 592 2987 int
593 2945 625 2986 er
639 2943 727 3004 rugas
743 2925 886 2986 malarum
903 2932 1016 2987 tantum
1032 2933 1094 2988 erat
1108 2933 1211 2997 cretae,
1228 2934 1262 2988 ut

94 3009 134 3072 24
149 3019 268 3091 putares
290 3012 384 3073 dett
326 3019 384 3073 ttec
385 3031 435 3072 um
456 3011 596 3090 parietem
616 3011 717 3073 nimbo
738 3010 878 3073 laborare
908 3029 968 3073 non
983 3012 1064 3074 tenui
1062 3030 1133 3109 ⁸ego
1150 3012 1221 3073 diut
1200 3019 1259 3074 trus

17 3113 19 3120 ·
149 3096 293 3171 lacrimas,
310 3098 361 3158 sed
376 3097 411 3159 ad
429 3096 478 3158 ult
459 3105 560 3158 trmam
576 3098 735 3176 perductus
750 3088 919 3158 tristitiam‘
923 3088 1046 3175 quaeso
1061 3097 1178 3177 inquam
1191 3090 1260 3159 ‘-d0

149 3181 237 3256 mina,
253 3191 330 3244 certe
344 3183 580 3244 embasicoetan
573 3201 701 3244 iusseras
717 3173 800 3243 dari.
828 3182 987 3262 complosit
998 3182 1042 3244 illa
1053 3184 1183 3245 tenerius
1195 3202 1260 3244 ma-

148 3284 206 3329 nus
232 3257 287 3328 et‘
294 3259 327 3328 o
347 3269 441 3349 inquit
459 3260 630 3329 ‘homiuem
654 3277 771 3330 acutum
792 3275 879 3346 atquc
898 3268 1046 3340 urbanitta
1005 3269 1071 3330 tatis
1090 3269 1262 3331 vernaculae

148 3353 271 3414 fontem.
300 3353 441 3432 quid‘ltu
452 3372 511 3415 non
524 3354 716 3433 intellexeras,
733 3353 885 3415 cinaedum
898 3355 1114 3416 embasicoetan
1126 3347 1260 3416 vocari?

149 3437 255 3499 deinde
273 3457 311 3498 ne
331 3448 399 3500 cont
388 3439 530 3501 tubernali
545 3457 612 3502 mco
628 3441 732 3502 melius
749 3432 948 3513 succederet,
955 3459 1008 3519 per
1023 3431 1146 3502 ιίιιιιιι’Ι
1136 3459 1260 3543 mquam

145 3515 303 3597 ‘vestram
302 3524 423 3628 Ascylt
424 3542 457 3586 os
477 3524 508 3585 in
528 3525 586 3587 boc
604 3526 729 3588 triclinio
752 3525 833 3587 solus
853 3525 938 3588 ferias
959 3517 1051 3604 agiti'
1078 3515 1146 3587 ‘ita’
1166 3526 1262 3626 inquit

151 3601 311 3684 Quartilla‘
318 3616 347 3671 et
361 3609 478 3690 Ascylto
499 3609 709 3674 embasicoetas
731 3602 836 3673 detur².
866 3612 901 3673 ab
922 3611 978 3672 hac
995 3630 1068 3672 voce
1088 3629 1197 3691 equum
1218 3615 1260 3676 ci·
1346 3617 1349 3630 '

149 3696 260 3757 uaedus
280 3691 402 3758 mutavit
420 3693 605 3776 transituque
625 3697 660 3758 ed
680 3697 817 3759 comitem
833 3716 931 3758 meum
946 3697 1023 3758 lacto
1041 3697 1175 3758 clunibus
1192 3717 1260 3761 eum

149 3781 296 3861 basiisque
316 3781 449 3844 distrivit.
483 3781 578 3844 stabat
597 3781 673 3843 inter
692 3783 764 3844 haec
782 3781 871 3844 Giton
889 3789 918 3844 e
937 3783 999 3844 risu
1022 3782 1199 3846 dissolvebat
1213 3784 1262 3847 ilia

150 3886 211 3932 sua.
237 3867 333 3950 itaque
355 3867 524 3948 conspicata
544 3886 611 3932 eum
629 3867 782 3943 Quartilla,
808 3869 890 3931 ouius
905 3875 982 3932 esset
997 3886 1083 3948 puer,
1098 3867 1261 3948 diligentis·
