2762 4344
535 211 678 264 saliatu

155 374 185 428 et
197 366 397 447 periturorum
415 366 528 427 disiecit
541 366 596 427 tela
613 366 777 446 Gigantum.

194 453 264 514 dum
280 451 387 513 Caesar
401 451 528 513 tumidas
543 451 634 512 iratus
650 452 786 532 deprimit
801 471 898 525 arom,

152 537 261 599 interea
277 537 395 598 volucer
409 537 498 598 motis
514 536 669 598 conterrita
684 538 782 617 pinnis

152 623 239 684 l'ama
255 623 335 684 volat
349 623 518 702 summique
533 622 606 702 petit
620 623 686 701 iuga
701 623 778 684 celsa
793 623 882 685 Palati

152 716 240 789 atque
253 709 314 770 hoo
328 707 461 770 llomano
477 709 588 768 tonitru
603 707 671 769 ferit
686 708 784 771 omnia
801 709 896 788 signa:

151 795 206 854 iam
223 795 333 856 classes
349 794 462 855 lluitare
476 792 550 854 mari
564 800 702 872 totasque
716 812 770 872 per
784 794 872 874 Alpes

150 879 263 941 fervere
279 879 425 940 Germano
441 879 574 958 perfusas
591 878 733 958 sanguine
747 886 869 942 turmas.

150 983 245 1037 arma,
264 983 366 1038 cruor,
382 966 495 1038 oaed'es,
510 964 641 1026 inoendia
656 972 774 1045 totaque
785 965 857 1027 bella

151 1057 218 1112 ante
234 1051 338 1112 oculos
353 1051 480 1112 volitant
512 1067 581 1128 ergo
596 1049 709 1128 pulsata
724 1051 853 1113 tumultu

150 1144 271 1217 pectora
287 1155 397 1216 perque
412 1137 484 1197 duas
500 1134 674 1197 soiuduntur
688 1136 787 1198 territa
804 1155 915 1198 oausas.

150 1223 220 1284 huie
234 1223 303 1301 fuga
318 1241 372 1301 per
385 1228 493 1294 terras,
511 1221 550 1281 illi
566 1221 658 1300 magis
674 1222 750 1283 unda
765 1222 909 1301 probatur

152 1315 179 1370 et
193 1307 289 1387 patria
305 1315 414 1387 pontus
430 1309 487 1369 iam
502 1306 602 1368 tutior.
628 1315 674 1368 est
688 1307 780 1386 magis
795 1325 876 1369 arma

151 1393 199 1474 qui
214 1401 363 1472 temptare
378 1392 446 1454 velit
459 1391 585 1472 latisque
600 1391 768 1454 iubentibus
783 1393 835 1456 uti.
1075 1411 1124 1462 220

151 1486 294 1560 quantum
311 1477 435 1558 quisque
450 1477 547 1550 timet,
562 1485 677 1539 tantum
691 1478 773 1556 fugit.
805 1478 887 1540 ocior
902 1479 966 1558 ipse

151 1565 206 1626 hos
223 1563 300 1626 iuter
315 1572 414 1624 motus
430 1563 571 1643 populus,
586 1563 752 1625 miserabile
766 1563 843 1637 visu,

153 1669 211 1730 quo
229 1669 313 1711 mens
329 1649 384 1711 iota
400 1649 493 1721 iubet,
510 1650 621 1710 deserta
638 1649 754 1711 ducitur
768 1650 849 1712 urbe.

153 1736 261 1814 gaudet
276 1735 370 1796 Roma
384 1735 467 1814 luge,
482 1735 672 1815 debellatique
687 1734 815 1808 Quirites

151 1820 283 1882 rumoris
298 1821 397 1882 sonitu
414 1820 571 1882 maerentia
584 1828 661 1883 teuta
676 1821 850 1900 relinquunt.
1077 1838 1125 1888 225

153 1906 200 1967 ille
214 1925 305 1968 manu
320 1906 423 1986 pavida
438 1913 524 1967 natos
538 1911 631 1980 tenet,
647 1905 695 1967 ille
710 1914 829 1986 penates

152 1992 279 2053 oooultat
294 1990 406 2070 gremio
421 1990 662 2071 deploratumque
676 1991 813 2070 relinquit

156 2077 245 2138 limen
259 2084 288 2139 et
302 2076 453 2138 absentem
469 2080 544 2138 votis
561 2077 697 2138 interlioit
710 2078 837 2140 hostem.

158 2171 227 2225 sunt
241 2161 291 2243 qui
308 2161 479 2242 coniugibus
495 2162 653 2224 maerentia
669 2171 788 2242 pectora
803 2164 937 2242 iungant,

156 2248 394 2328 grandaevosque
409 2255 507 2328 patres
523 2247 679 2327 onerisque
694 2247 793 2328 ignara
807 2249 950 2311 iuventus.
1077 2263 1126 2314 230

158 2334 184 2395 id
199 2352 254 2414 pro
272 2351 330 2412 quo
346 2333 464 2405 metuit,
479 2341 591 2395 tantum
608 2334 705 2396 trahit.
735 2334 834 2395 omnia
851 2353 950 2395 seeum

158 2419 201 2480 hio
216 2419 295 2480 vehit
310 2419 481 2498 imprudens
496 2418 691 2498 praedamque
706 2419 734 2480 in
752 2419 861 2499 proelia
878 2419 966 2481 duait.

162 2524 188 2566 ao
202 2506 281 2566 velut
296 2524 330 2565 ex
346 2505 402 2565 alto
415 2523 482 2566 oum
498 2522 623 2584 magnus
637 2504 784 2567 inlrorruit
798 2512 897 2566 auster

159 2597 185 2651 et
197 2591 298 2670 pulsas
314 2589 415 2652 evertit
428 2608 533 2668 aquas,
549 2608 611 2651 non
626 2608 706 2652 arnra
720 2591 881 2664 ministris,

158 2695 214 2738 non
230 2693 370 2754 tegumen
387 2675 523 2754 prodest,
538 2674 608 2753 ligat
623 2675 694 2736 alter
709 2676 839 2755 pondera
855 2677 957 2756 pinus,
980 2749 985 2758 ⁴
1076 2692 1126 2743 235

159 2762 226 2823 alter
240 2769 302 2823 tuta
317 2760 385 2822 sinu
398 2761 608 2841 tranquillaque
623 2760 708 2822 litora
723 2762 848 2842 quaerit:
922 2825 924 2828 .

159 2846 204 2908 lrio
218 2847 267 2908 dat
281 2846 342 2907 vela
357 2847 441 2926 fugae
455 2847 649 2926 fortunaeque
665 2847 762 2910 omnia
779 2848 879 2910 eredit.

159 2932 224 3012 quid
240 2940 300 2994 tam
317 2949 405 3012 parra
422 2929 551 3011 queror‘l
567 2932 684 3010 gemino
701 2951 767 2994 oum
784 2933 904 2994 consule
918 2933 1055 3012 Magnus,

158 3017 201 3079 ille
215 3025 328 3079 tremor
342 3017 429 3078 Ponti
446 3018 581 3098 saevique
594 3025 728 3097 repertor
742 3019 888 3099 Hydaspis

160 3110 186 3165 et
199 3104 358 3183 piratarum
375 3103 531 3182 scopulus,
548 3103 638 3164 modo
655 3123 742 3184 quem
758 3112 803 3165 ter
817 3112 951 3166 ovantem
1078 3119 1126 3170 240

158 3189 286 3270 luppiter
301 3189 469 3264 horruerat,
485 3207 572 3268 quern
587 3189 680 3252 lraoto
697 3191 809 3268 gurgite
824 3190 938 3253 Pontus

159 3282 186 3336 et
199 3281 352 3337 veneratus
367 3281 430 3336 erat
444 3275 603 3336 summissa
619 3275 770 3355 Bosporos
786 3276 876 3350 unda,

160 3379 211 3439 pro
226 3360 338 3440 pudor,
353 3360 467 3439 imperii
483 3360 598 3422 deserto
614 3361 734 3422 nomine
748 3361 834 3439 fugit,

160 3453 191 3506 ut
205 3446 334 3506 Fortuna
349 3444 419 3507 levis
434 3445 530 3524 Magni
546 3465 663 3526 quoque
677 3454 756 3525 terga
773 3446 890 3508 videret.

199 3550 268 3610 ergo
283 3539 362 3592 tenta
377 3532 439 3593 lues
454 3531 553 3592 divom
569 3549 687 3612 quoque
702 3532 917 3608 nominarint,
1078 3549 1126 3598 245
1172 3545 1230 3605 124

161 3617 367 3697 consensitque
382 3617 468 3696 fugae
483 3617 553 3678 caeli
568 3619 666 3678 timor.
697 3638 763 3680 ecoe
779 3637 831 3698 per
847 3618 949 3680 orbem

160 3701 236 3762 mitis
250 3703 337 3764 turba
351 3703 438 3764 deum
454 3710 547 3764 terras
563 3721 650 3764 exosa
664 3703 788 3765 furentis

161 3785 267 3848 deserit
281 3794 367 3867 atque
382 3787 535 3851 hominum
552 3789 721 3850 damnatum
736 3789 874 3851 avertimr
889 3804 1000 3865 agmen.

161 3870 219 3935 Pax
233 3872 328 3955 prima
343 3882 410 3936 ante
425 3874 493 3938 alias
508 3875 608 3936 niveos
624 3875 738 3956 perlaeta
751 3875 875 3938 laoertos
