2762 4344
541 280 683 333 sartula
1146 289 1164 350 7

136 493 296 567 postquam
313 486 431 548 lustravi
447 489 539 550 oculis
554 431 646 552 1313133
663 491 774 567 urbem,
790 492 819 552 in
832 492 962 554 cellulam
975 491 1057 568 redii,
1074 513 1161 556 oscu-
1182 493 1217 551 11
1245 533 1249 542 .

51 574 145 652 lisque
164 574 284 634 tandem
304 573 381 634 bona
402 573 459 634 fide
478 576 585 638 exactis
601 577 684 656 alligo
701 577 857 638 artissimis
874 579 1075 658 complexibus
1089 598 1163 659 pue-

51 678 118 719 rum
137 659 281 738 fruorque
303 659 378 718 votis
399 677 493 738 usque
514 660 550 722 ad
569 661 705 724 iuvidiam
728 663 868 727 felicibus.
906 681 961 724 nec
984 665 1079 725 adhuc
1099 665 1164 744 qui-

51 745 117 808 dem
134 745 234 805 omnia
251 750 334 804 erant
348 744 513 818 13333313
527 747 659 826 Ascyltos
673 748 734 814 1311
736 749 774 808 131
791 768 823 808 33
837 748 950 810 foribus
962 750 1091 811 admovit
1102 751 1164 811 dis-

50 831 207 927 crassisque
236 829 399 890 13311331133
425 832 558 893 claustris
585 768 697 895 iynvenit
723 853 770 894 me
798 853 865 896 curn
890 835 978 896 fratre
1005 834 1163 896 ludentem

48 916 112 977 risu
128 916 228 1019 itaque
244 915 408 1018 plausuque
423 917 553 978 cellulam
571 918 713 998 implevit,
730 928 866 999 opertum
882 939 929 980 me
944 921 1068 980 amiculo
1084 921 1162 980 evol-

49 1001 91 1062 vit
106 1009 149 1062 31
146 993 279 1129 (3119),,
244 1018 280 1059 ae
263 991 364 1061 eebas'
379 1001 472 1080 inquit
483 995 555 1064 ‘ttra
544 1011 587 1064 ter
600 1001 808 1066 sanctissime?
824 1001 915 1102 quid?
931 1005 1163 1067 vesticontuber-

50 1087 135 1146 nium
150 1077 257 1148 facisi’
288 1103 344 1146 uec
371 1105 402 1146 sc
430 1089 597 1150 3313131
553 1097 597 1150 131
598 1109 629 1150 33
654 1090 1163 1166 33113333113311,331131313313

52 1191 122 1251 pera
139 1171 333 1232 331311311133
351 1173 446 1274 coepit
461 1191 521 1233 non
539 1175 734 1253 perfunctorie
750 1175 918 1249 verberare,
940 1175 1059 1237 adiectus
1076 1176 1161 1238 311313

49 1257 249 1336 petulantibus
265 1255 333 1318 31131
313 1264 365 1316 1ε13
378 1249 438 1318 ‘sic
453 1258 579 1320 dividere
595 1279 661 1322 cum
678 1261 767 1322 113113
782 1253 887 1322 nolito'

601 1380 621 1422 11

136 1457 326 1520 veniebamus
347 1457 377 1519 in
398 1459 496 1521 131313
525 1460 676 1522 deficiente
702 1461 760 1521 iarn
781 1460 842 1535 die,
864 1463 894 1522 in
916 1481 974 1542 quo
995 1465 1163 1525 notavimus
1181 1459 1219 1519 12

53 1545 244 1624 frequentiam
259 1563 359 1606 rerum
374 1544 535 1618 venalium,
557 1565 618 1607 333
638 1545 754 1625 quidem
772 1546 967 1626 pretiosarum
992 1550 1043 1610 sed
1064 1557 1164 1610 tamen

53 1649 175 1709 quarum
196 1631 283 1692 tidem
299 1630 374 1691 male
389 1630 582 1693 ambulantem
600 1632 762 1694 obscuritas
778 1633 921 1712 temporis
936 1634 1069 1695 facillime
1083 1642 1163 1712 tege-

50 1723 102 1777 ret.
135 1735 203 1777 cum
224 1734 296 1794 ergo
317 1723 345 1776 31
364 1716 421 1794 ipsi
442 1722 557 1796 raptum
577 1718 730 1779 latrocinio
747 1718 865 1796 pallium
879 1719 1101 1790 detulissemus,
1120 1721 1163 1781 uti

49 1802 207 1864 occasione
229 1801 480 1881 opportunissima
501 1803 652 1882 coepimus
673 1811 758 1883 atque
778 1804 808 1864 in
829 1806 956 1882 quodam
972 1805 1077 1883 angulo
1093 1805 1163 1866 1331-

48 1889 127 1949 niam
145 1895 308 1948 extremam
324 1895 489 1961 concutere,
505 1889 528 1948 si
546 1907 632 1966 quem
648 1889 724 1950 13313
739 1897 901 1969 emptorem
919 1891 1059 1969 splendor
1074 1891 1163 1952 vestis

50 1981 153 2053 posset
168 1973 322 2034 adducere.
353 1991 408 2034 nec
423 1973 471 2033 diu
488 1983 618 2036 moratus
634 1975 762 2036 rusticus
778 1975 894 2054 quidam
910 1975 1059 2036 familiaris
1073 1975 1163 2036 333113

53 2059 124 2120 meis
140 2078 206 2122 cum
224 2057 394 2120 muliercula
411 2059 517 2120 comite
532 2060 654 2141 propius
671 2060 793 2120 accessit
805 2079 838 2121 ac
850 2059 1014 2138 diligentius
1027 2061 1163 2122 conside·
1192 2071 1198 2080 ¹

56 2163 118 2206 rare
137 2144 254 2222 pallium
277 2143 384 2222 coepit.
412 2145 534 2205 invicem
552 2145 686 2224 Ascyltos
706 2145 804 2206 iniecit
827 2146 1163 2224 contemplationem...

56 2249 146 2308 super
160 2231 302 2291 humeros
318 2229 418 2291 rustici
434 2230 578 2308 emptoris
595 2249 628 2292 ac
643 2229 741 2290 subito
758 2229 941 2290 exanimatus
957 2230 1105 2291 conticuit.
1130 2249 1163 2292 ac

54 2336 90 2376 33
105 2316 168 2395 ipse
183 2316 301 2395 quidem
318 2315 381 2376 siue
397 2315 493 2394 aliquo
506 2322 590 2376 motu
601 2315 752 2376 homiuem
766 2315 916 2394 conspexi,
932 2334 999 2376 nam
1012 2315 1163 2377 videbatur

52 2403 97 2464 ille
117 2401 191 2462 mibi
211 2419 293 2475 esse,
312 2401 360 2480 qui
376 2400 534 2462 tuniculam
550 2401 579 2462 in
596 2401 756 2462 solitudine
770 2400 926 2463 invenerat.
957 2401 1043 2479 plane
1058 2401 1083 2462 is
1099 2401 1163 2481 ipse

54 2495 120 2549 erat.
152 2487 205 2548 sed
221 2506 288 2548 cum
301 2487 434 2566 Ascyltos
449 2486 566 2548 timeret
580 2487 667 2548 fidem
684 2487 845 2559 oculorum,
860 2505 897 2548 ne
912 2487 980 2566 quid
993 2495 1104 2548 temere
1118 2487 1162 2548 fa-

54 2580 141 2646 ceret,
166 2573 251 2652 prius
271 2579 408 2651 tanquam
426 2580 543 2650 emptor
558 2571 683 2652 propius
699 2572 823 2634 accessit
838 2572 1016 2651 detraxitque
1032 2572 1163 2634 humeris

50 2659 185 2730 laciniam
207 2665 236 2718 et
254 2657 421 2736 diligentius
436 2656 564 2719 tentavit.
595 2658 1064 2720 31133331131133333311311331.
1094 2676 1162 2719 nam
1182 2657 1219 2716 13

52 2746 147 2806 adhuc
161 2762 217 2805 nec
233 2752 352 2804 suturae
368 2743 539 2822 quidemt
498 2751 527 2803 at
527 2744 632 2804 ttulera
642 2743 770 2806 rusticus
785 2743 916 2805 curiosas
930 2762 1045 2816 313333,
1062 2752 1163 2806 31133-

55 2851 141 2910 33333
162 2829 290 2890 mendici
311 2829 437 2908 spolium
458 2827 544 2890 etiam
560 2829 711 2891 1331111333
726 2829 899 2892 venditabat.
930 2829 1063 2908 Ascyltos
1079 2836 1148 2907 post
1149 2863 1163 2874 -

58 2935 144 2994 quam
163 2914 331 2995 depositum
352 2933 418 2976 esse
436 2914 605 2977 inviolatum
621 2914 735 2976 3111131
707 2923 967 3019 etpersonam
923 2914 1075 2977 vendentis
1091 2931 1163 2974 cou-

56 3009 204 3081 temptam,
219 3000 334 3062 seduxit
349 3020 395 3062 me
410 2999 621 3078 paululumat
608 3000 739 3062 tturbae
727 3007 825 3061 13313
853 3000 947 3078 inquit
958 2992 1027 3060 1131
1015 3006 1069 3072 131,
1086 2998 1162 3059 redi-

53 3089 114 3149 1333
134 3087 168 3148 31
189 3093 280 3148 3331
267 3087 453 3158 tbesaurum,
474 3085 509 3145 de
530 3104 588 3164 3333
605 3083 769 3164 querebar?
798 3083 1164 3156 111333113313313311133,

52 3182 84 3235 ut
105 3181 240 3253 apparet,
264 3170 378 3232 13133113
401 3171 495 3232 3131313
516 3172 609 3250 plena.
639 3170 709 3250 quid
726 3188 794 3249 ergo
810 3169 944 3240 facimus,
962 3176 1010 3229 aut
1026 3187 1083 3248 quo
1100 3168 1163 3230 1313

51 3278 114 3321 rem
130 3265 267 3320 nostram
283 3247 500 3320 vindicamus?

137 3344 315 3407 exhilaratus
331 3361 384 3422 ego
400 3361 462 3403 333
478 3349 590 3402 tantum
607 3341 672 3421 quia
688 3339 825 3418 praedam
842 3339 988 3412 videbam,
1008 3339 1061 3400 sed
1077 3339 1162 3402 etiam

53 3430 131 3510 quod
151 3430 271 3490 fortuna
292 3448 339 3488 me
354 3448 370 3490 a
385 3427 556 3526 turpissima
571 3426 737 3506 suspitione
753 3425 901 3486 dimiserat
890 3425 1027 3503 tnegavi
1043 3425 1163 3486 circuitu

53 3515 209 3595 agendum,
226 3515 277 3576 sed
294 3514 401 3593 plane
393 3533 456 3576 rure
471 3512 545 3574 civili
561 3511 819 3584 dimicandunut
785 3517 819 3571 ut
831 3530 855 3572 sv
849 3510 959 3572 ’33113
967 3510 1088 3572 alienam
1101 3529 1162 3574 1313

52 3600 176 3662 1313133
197 3600 335 3672 reddere,
359 3599 394 3660 ad
415 3598 550 3660 13131113
538 3605 600 3658 um
617 3603 735 3658 venue
765 3603 866 3658 contra
882 3597 1013 3676 Ascyltos
1029 3593 1144 3672 13333
1148 3589 1219 3646 -14

53 3687 152 3750 ruebat
167 3677 216 3748 et
219 3684 287 3764 quis
286 3646 402 3746 'aiebat
413 3675 488 3746 hoc
501 3685 566 3746 loco
582 3701 637 3744 nos
653 3682 748 3755 novit,
764 3689 814 3744 331
830 3683 894 3762 quis
910 3682 1027 3744 babebit
1041 3679 1163 3741 dicenti-

53 3773 108 3834 bus
131 3769 243 3834 tidem?
267 3771 337 3834 mibi
357 3770 444 3848 plane
464 3771 556 3851 placet
574 3786 684 3841 emere,
704 3769 835 3865 quamvis
856 3776 992 3830 nostrum
1013 3765 1063 3837 sit,
1084 3763 1163 3859 quod

53 3857 258 3936 agnoscimus,
276 3863 305 3918 et
323 3873 413 3936 parvo
434 3875 500 3918 3333
520 3872 694 3935 1333333333
713 3853 839 3942 33311331
827 3855 1013 3922 1,1333331331
1031 3869 1117 3928 quam
1135 3849 1163 3910 13

55 3943 222 4022 ambiguam
238 3942 317 4002 111331
334 3942 525 4003 descendere.
