2762 4344
215 261 257 324 76
689 257 845 310 rnruoun

317 436 350 477 ac
364 415 434 475 viles
450 431 569 493 operae,
585 431 710 493 quorum
727 421 773 475 est
787 433 851 476 mea
867 414 959 475 Roma
975 430 1108 475 noverca.

318 508 347 561 at
362 518 444 572 reor,
460 499 537 560 haud
554 492 688 579 impune,
703 518 758 560 nec
772 500 849 561 hanc
864 501 927 560 sine
944 499 1054 562 vindice
1070 500 1199 561 dextram

318 585 423 647 vinciet
437 586 566 664 ignavus.
596 584 723 646 victores
738 585 935 658 defurentes,

317 673 357 733 ite
372 671 429 732 mei
445 671 582 743 comites,
598 677 627 730 et
642 688 758 732 causam
775 670 861 732 dicite
875 671 964 732 ferro.

237 774 283 824 1¹10
318 775 445 836 namque
461 756 556 817 omnis
571 772 661 816 unum
679 757 789 817 crimen
804 765 900 829 vocat,
917 757 1054 818 omnibus
1069 773 1127 818 una

317 842 467 923 impendet
482 841 586 902 clades.
615 841 762 903 reddenda
778 850 823 903 est
837 842 926 920 gratia
942 842 1039 916 vobis,

317 947 377 990 non
394 928 474 990 solus
490 927 552 988 vici.
580 945 684 1005 quare,
701 929 767 1007 quia
782 946 875 1006 poena
892 928 1021 1007 tropacis

318 1014 453 1077 imminet
467 1020 496 1073 et
511 1013 614 1073 sordes
630 1013 736 1074 meruit
750 1013 870 1074 victoria
885 1021 1001 1087 nostra,

318 1099 413 1161 iudice
427 1100 557 1160 Fortuna
572 1098 656 1160 cadat
670 1099 740 1160 alea.
771 1098 877 1160 sumite
891 1098 999 1161 bellum

238 1201 284 1251 175
322 1192 351 1246 et
364 1191 504 1263 temptate
520 1201 634 1244 manus.
662 1192 738 1245 certe
754 1203 819 1246 mea
835 1203 920 1246 causa
937 1191 1053 1264 peracta
1064 1191 1123 1245 cst:

318 1271 394 1332 inter
409 1277 454 1330 tot
467 1270 560 1331 fortes
575 1278 706 1331 armatus
722 1272 820 1331 nescio
836 1261 940 1332 vinci.''

316 1393 318 1396 -
361 1356 433 1416 haec
447 1355 497 1416 ubi
512 1356 679 1435 personuit,
695 1355 730 1416 de
745 1355 823 1417 caelo
839 1356 996 1434 Delphicus
1011 1355 1070 1416 ales

320 1441 418 1502 omina
432 1441 506 1502 laeta
523 1441 603 1502 dedit
616 1441 785 1521 pepulitque
801 1441 944 1502 meatibus
960 1459 1056 1503 auras.

318 1544 448 1588 necnon
464 1526 603 1588 horrendi
619 1527 749 1587 nemoris
766 1528 802 1588 de
816 1534 900 1606 parte
915 1527 1034 1588 sinistra

238 1626 286 1676 180
321 1611 455 1674 insolitae
469 1631 556 1674 voces
572 1613 689 1673 flamma
706 1630 834 1674 sonuere
849 1613 990 1692 sequenti.

319 1698 384 1777 ipse
398 1698 478 1758 nitor
493 1697 606 1758 Phoebi
621 1698 735 1776 vulgato
751 1698 854 1759 laetior
869 1698 940 1759 orbe

320 1782 410 1845 crevit
423 1789 452 1843 et
466 1793 567 1845 aurato
583 1783 744 1861 praecinxit
756 1783 872 1862 fulgure
886 1784 991 1846 vultus.

152 1869 212 1932 123
320 1867 427 1930 fortior
444 1867 592 1930 ominibus
607 1869 701 1930 morit
714 1869 852 1931 Mavortia
869 1870 951 1947 signa

322 1954 425 2016 Caesar
440 1961 469 2014 et
483 1953 618 2016 insolitos
635 1973 739 2032 gressu
754 1955 838 2034 prior
852 1961 978 2035 occupat
990 1971 1089 2016 ausus.

240 2055 286 2106 185
322 2039 550 2120 primoquidem
568 2039 673 2118 glacies
690 2047 719 2101 et
734 2058 803 2102 cana
819 2041 913 2102 vincta
928 2041 1012 2102 racina

321 2144 382 2188 non
398 2126 538 2205 pugnavit
551 2127 660 2188 humus
676 2126 797 2207 mitique
811 2127 936 2188 horrore
952 2125 1067 2207 quievit.

322 2212 374 2273 sed
390 2218 546 2292 postquam
562 2220 675 2274 turmae
689 2213 808 2274 nimbos
822 2213 934 2290 fregere
948 2213 1051 2292 ligatos

321 2304 351 2359 et
365 2297 488 2377 pavidus
503 2298 671 2378 quadrupes
686 2299 832 2361 undarum
847 2297 961 2360 vincula
976 2298 1068 2377 rupit,

321 2382 467 2445 incaluere
480 2383 576 2465 nives⁴
604 2402 673 2444 mox
687 2383 807 2446 flumina
823 2385 973 2445 montibus
990 2383 1055 2444 altis

239 2484 287 2534 tao
321 2468 470 2530 undabant
481 2470 572 2530 modo
584 2477 661 2539 nata,
674 2470 725 2530 sed
737 2469 810 2530 baec
821 2468 1080 2550 quoque—iussa
1092 2474 1255 2548 putares—
1355 2451 1356 2462 ¹

322 2553 450 2625 stabant,
467 2562 496 2615 et
509 2553 603 2616 vincta
619 2555 725 2616 fluctus
741 2561 880 2633 stupuere
894 2554 994 2626 ruina,

322 2647 350 2700 et
364 2638 452 2718 paulo
469 2646 534 2700 ante
548 2639 610 2700 lues
626 2639 684 2700 iam
700 2639 879 2700 concidenda
894 2639 1012 2700 iacebat

321 2731 385 2786 turn
401 2741 471 2784 vero
486 2723 562 2786 male
576 2723 633 2785 lida
648 2723 729 2804 prius
744 2724 862 2804 vestigia
877 2725 947 2787 lusit

322 2809 493 2890 decepitque
506 2809 611 2889 pedes3
626 2809 735 2889 pariter
748 2818 918 2891 turmaeque
932 2811 1043 2891 virique

241 2912 288 2963 195
324 2913 461 2974 armaque
476 2903 614 2975 congesta
629 2906 711 2958 strue
726 2896 874 2976 deplorata
889 2897 1031 2960 iacebant.

324 3000 390 3043 ecce
405 2981 491 3044 etiam
507 2981 602 3061 rigido
618 3001 780 3045 concussae
794 2982 912 3044 llamine
926 2983 1021 3045 nubes

323 3067 568 3141 exonerabantur,
584 3085 639 3129 nec
653 3075 741 3149 rupto
756 3067 872 3130 turbine
887 3069 964 3130 renti

324 3155 427 3215 derant
441 3159 491 3214 aut
504 3152 615 3215 tumida
631 3155 813 3216 confractum
829 3155 970 3232 grandine
985 3153 1105 3216 caelum.

324 3238 405 3317 ipsae
420 3239 478 3300 iam
493 3238 587 3300 nubes
602 3247 706 3319 ruptae
722 3257 813 3319 super
827 3257 908 3302 arma
925 3239 1078 3313 cadebant,

242 3336 291 3386 200
326 3329 355 3383 et
370 3330 506 3386 concreta
523 3323 587 3403 gelu
602 3324 686 3405 ponti
703 3324 780 3387 velut
794 3324 871 3386 unda
886 3326 996 3388 ruebat.

326 3406 401 3468 victa
416 3416 479 3470 erat
492 3409 602 3488 ingenti
617 3411 701 3472 tellus
716 3410 782 3473 nire
797 3410 929 3490 victaque
943 3409 1014 3472 caeli

326 3490 434 3565 sidera,
447 3493 521 3555 victa
537 3495 599 3557 suis
614 3496 762 3558 haerentia
777 3496 897 3558 domina
912 3495 1000 3574 ripis3

324 3576 456 3639 nondum
474 3577 578 3642 Caesar
592 3590 668 3653 erat,
686 3583 736 3644 sed
754 3599 889 3660 magnam
904 3580 990 3644 nixus
1005 3580 1036 3642 in
1051 3579 1164 3642 hastam

324 3662 444 3725 horrida
460 3663 571 3726 securis
585 3665 735 3745 frangebat
749 3666 898 3746 gressibus
914 3684 993 3740 arva,

241 3763 290 3814 205
327 3747 418 3830 qualis
434 3749 575 3812 Caucasea
591 3750 748 3814 decurrens
764 3753 874 3814 arduus
889 3771 955 3814 arce

326 3835 613 3918 Amphitryoniades,
630 3844 679 3898 aut
692 3844 777 3899 torvo
792 3837 925 3918 luppiter
939 3855 1006 3909 ore,

326 3939 392 3986 cum
409 3941 441 3986 se
455 3921 610 3988 verticibus
625 3921 723 4000 magni
738 3922 857 3984 demisit
871 3921 985 4004 Olympi
