<?xml version="1.0" encoding="UTF-8"?>
<!DOCTYPE html PUBLIC "-//W3C//DTD XHTML 1.0 Transitional//EN"
    "http://www.w3.org/TR/xhtml1/DTD/xhtml1-transitional.dtd">
<html xmlns="http://www.w3.org/1999/xhtml" xml:lang="en" lang="en">
 <head>
  <title>
</title>
<meta http-equiv="Content-Type" content="text/html;charset=utf-8" />
  <meta name='ocr-system' content='tesseract 3.04.00' />
  <meta name='ocr-capabilities' content='ocr_page ocr_carea ocr_par ocr_line ocrx_word'/>
</head>
<body>
  <div class='ocr_page' id='page_1' title='image "./satirarumreliqu00arbigoog_0082.png"; bbox 0 0 2762 4344; ppageno 0'>
   <div class='ocr_carea' id='block_1_1' title="bbox 589 252 1211 318">
    <p class='ocr_par' dir='ltr' id='par_1_1' title="bbox 589 252 1211 318">
     <span class='ocr_line' id='line_1_1' title="bbox 589 252 1211 318; baseline 0.003 -15"><span class='ocrx_word' id='word_1_1' title='bbox 589 252 730 304; x_wconf 77' lang='lat' dir='ltr'><strong>sennan</strong></span> <span class='ocrx_word' id='word_1_2' title='bbox 1017 287 1022 304; x_wconf 45' lang='lat' dir='ltr'><em>s</em></span> <span class='ocrx_word' id='word_1_3' title='bbox 1171 257 1211 318; x_wconf 82' lang='lat'><strong>65</strong></span> 
     </span>
    </p>
   </div>
   <div class='ocr_carea' id='block_1_2' title="bbox 89 406 1325 3483">
    <p class='ocr_par' dir='ltr' id='par_1_2' title="bbox 89 406 1212 831">
     <span class='ocr_line' id='line_1_2' title="bbox 89 406 1212 488; baseline -0.002 -16"><span class='ocrx_word' id='word_1_4' title='bbox 89 419 198 472; x_wconf 87' lang='lat' dir='ltr'><strong>tamen</strong></span> <span class='ocrx_word' id='word_1_5' title='bbox 212 407 395 488; x_wconf 82' lang='lat' dir='ltr'><strong>frequentius</strong></span> <span class='ocrx_word' id='word_1_6' title='bbox 411 407 538 480; x_wconf 90' lang='lat' dir='ltr'><strong>vultum,</strong></span> <span class='ocrx_word' id='word_1_7' title='bbox 552 406 805 487; x_wconf 86' lang='lat' dir='ltr'><strong>intelligebamque</strong></span> <span class='ocrx_word' id='word_1_8' title='bbox 819 427 867 469; x_wconf 91' lang='lat' dir='ltr'><strong>me</strong></span> <span class='ocrx_word' id='word_1_9' title='bbox 882 425 944 470; x_wconf 94' lang='lat' dir='ltr'><strong>non</strong></span> <span class='ocrx_word' id='word_1_10' title='bbox 957 407 1096 470; x_wconf 88' lang='lat' dir='ltr'><strong>tralaticia</strong></span> <span class='ocrx_word' id='word_1_11' title='bbox 1111 409 1212 471; x_wconf 86' lang='lat' dir='ltr'><strong>delor-</strong></span> 
     </span>
     <span class='ocr_line' id='line_1_3' title="bbox 89 492 1212 576; baseline 0 -20"><span class='ocrx_word' id='word_1_12' title='bbox 89 495 200 558; x_wconf 86' lang='lat' dir='ltr'><strong>mitate</strong></span> <span class='ocrx_word' id='word_1_13' title='bbox 222 513 290 556; x_wconf 89' lang='lat' dir='ltr'><strong>esse</strong></span> <span class='ocrx_word' id='word_1_14' title='bbox 309 493 495 572; x_wconf 84' lang='lat' dir='ltr'><strong>insignitum,</strong></span> <span class='ocrx_word' id='word_1_15' title='bbox 516 511 601 572; x_wconf 91' lang='lat' dir='ltr'><strong>quem</strong></span> <span class='ocrx_word' id='word_1_16' title='bbox 623 492 749 572; x_wconf 90' lang='lat' dir='ltr'><strong>alloquio</strong></span> <span class='ocrx_word' id='word_1_17' title='bbox 770 493 948 568; x_wconf 80' lang='lat' dir='ltr'><strong>dignumne</strong></span> <span class='ocrx_word' id='word_1_18' title='bbox 969 493 1074 556; x_wconf 85' lang='lat' dir='ltr'><strong>Lichas</strong></span> <span class='ocrx_word' id='word_1_19' title='bbox 1093 495 1212 576; x_wconf 89' lang='lat' dir='ltr'><strong>quidem</strong></span> 
     </span>
     <span class='ocr_line' id='line_1_4' title="bbox 90 578 1211 654; baseline 0.003 -11"><span class='ocrx_word' id='word_1_20' title='bbox 90 582 240 643; x_wconf 85' lang='lat' dir='ltr'><strong>erederet</strong></span> <span class='ocrx_word' id='word_1_21' title='bbox 268 580 320 640; x_wconf 91' lang='lat' dir='ltr'><strong>sed</strong></span> <span class='ocrx_word' id='word_1_22' title='bbox 336 580 406 641; x_wconf 90' lang='lat' dir='ltr'><strong>huic</strong></span> <span class='ocrx_word' id='word_1_23' title='bbox 419 579 553 640; x_wconf 73' lang='lat' dir='ltr'><strong>tristitiae</strong></span> <span class='ocrx_word' id='word_1_24' title='bbox 569 578 669 640; x_wconf 90' lang='lat' dir='ltr'><strong>eadem</strong></span> <span class='ocrx_word' id='word_1_25' title='bbox 686 579 730 640; x_wconf 91' lang='lat' dir='ltr'><strong>illa</strong></span> <span class='ocrx_word' id='word_1_26' title='bbox 746 578 890 640; x_wconf 79' lang='lat' dir='ltr'><strong>succurrit</strong></span> <span class='ocrx_word' id='word_1_27' title='bbox 901 579 1011 654; x_wconf 86' lang='lat' dir='ltr'><strong>aneilla,</strong></span> <span class='ocrx_word' id='word_1_28' title='bbox 1026 587 1211 646; x_wconf 89' lang='lat' dir='ltr'><strong>sevocatum-</strong></span> 
     </span>
     <span class='ocr_line' id='line_1_5' title="bbox 89 664 1212 746; baseline 0.002 -19"><span class='ocrx_word' id='word_1_29' title='bbox 89 685 153 746; x_wconf 88' lang='lat' dir='ltr'><strong>que</strong></span> <span class='ocrx_word' id='word_1_30' title='bbox 167 685 218 727; x_wconf 91' lang='lat' dir='ltr'><strong>me</strong></span> <span class='ocrx_word' id='word_1_31' title='bbox 233 682 296 726; x_wconf 94' lang='lat' dir='ltr'><strong>non</strong></span> <span class='ocrx_word' id='word_1_32' title='bbox 311 665 410 727; x_wconf 91' lang='lat' dir='ltr'><strong>minus</strong></span> <span class='ocrx_word' id='word_1_33' title='bbox 427 666 535 726; x_wconf 89' lang='lat' dir='ltr'><strong>decoro</strong></span> <span class='ocrx_word' id='word_1_34' title='bbox 552 664 699 725; x_wconf 78' lang='lat' dir='ltr'><strong>exornavit</strong></span> <span class='ocrx_word' id='word_1_35' title='bbox 714 665 929 745; x_wconf 84' lang='lat' dir='ltr'><strong>capillamento3</strong></span> <span class='ocrx_word' id='word_1_36' title='bbox 948 665 1040 727; x_wconf 93' lang='lat' dir='ltr'><strong>immo</strong></span> <span class='ocrx_word' id='word_1_37' title='bbox 1058 683 1212 729; x_wconf 89' lang='lat' dir='ltr'><strong>commen-</strong></span> 
     </span>
     <span class='ocr_line' id='line_1_6' title="bbox 90 749 906 831; baseline -0.002 -17"><span class='ocrx_word' id='word_1_38' title='bbox 90 751 194 815; x_wconf 86' lang='lat' dir='ltr'><strong>datior</strong></span> <span class='ocrx_word' id='word_1_39' title='bbox 210 751 308 813; x_wconf 91' lang='lat' dir='ltr'><strong>vultus</strong></span> <span class='ocrx_word' id='word_1_40' title='bbox 324 750 436 824; x_wconf 78' lang='lat' dir='ltr'><strong>enituit,</strong></span> <span class='ocrx_word' id='word_1_41' title='bbox 451 749 518 830; x_wconf 93' lang='lat' dir='ltr'><strong>qnia</strong></span> <span class='ocrx_word' id='word_1_42' title='bbox 533 749 640 810; x_wconf 87' lang='lat' dir='ltr'><strong>llavum</strong></span> <span class='ocrx_word' id='word_1_43' title='bbox 657 749 829 831; x_wconf 80' lang='lat' dir='ltr'><strong>corymbion</strong></span> <span class='ocrx_word' id='word_1_44' title='bbox 844 758 906 812; x_wconf 88' lang='lat' dir='ltr'><strong>erat</strong></span> 
     </span>
    </p>

    <p class='ocr_par' dir='ltr' id='par_1_3' title="bbox 641 847 662 886">
     <span class='ocr_line' id='line_1_7' title="bbox 641 847 662 886; baseline 0 0"><span class='ocrx_word' id='word_1_45' title='bbox 641 847 662 886; x_wconf 82' lang='grc'><strong>1</strong></span> 
     </span>
    </p>

    <p class='ocr_par' dir='ltr' id='par_1_4' title="bbox 90 919 1325 1670">
     <span class='ocr_line' id='line_1_8' title="bbox 182 919 1210 1002; baseline 0 -18"><span class='ocrx_word' id='word_1_46' title='bbox 182 929 315 984; x_wconf 88' lang='lat' dir='ltr'><strong>ceterum</strong></span> <span class='ocrx_word' id='word_1_47' title='bbox 330 920 509 1000; x_wconf 85' lang='lat' dir='ltr'><strong>Eumolpos,</strong></span> <span class='ocrx_word' id='word_1_48' title='bbox 529 928 557 980; x_wconf 93' lang='lat' dir='ltr'><strong>et</strong></span> <span class='ocrx_word' id='word_1_49' title='bbox 576 920 802 1000; x_wconf 82' lang='lat' dir='ltr'><strong>periclitantium</strong></span> <span class='ocrx_word' id='word_1_50' title='bbox 821 919 979 983; x_wconf 87' lang='lat' dir='ltr'><strong>advocatus</strong></span> <span class='ocrx_word' id='word_1_51' title='bbox 1000 930 1029 984; x_wconf 89' lang='lat' dir='ltr'><strong>et</strong></span> <span class='ocrx_word' id='word_1_52' title='bbox 1048 923 1210 1002; x_wconf 89' lang='lat' dir='ltr'><strong>praesentis</strong></span> 
     </span>
     <span class='ocr_line' id='line_1_9' title="bbox 94 1005 1212 1081; baseline 0 -11"><span class='ocrx_word' id='word_1_53' title='bbox 94 1008 280 1070; x_wconf 80' lang='lat' dir='ltr'><strong>concordiae</strong></span> <span class='ocrx_word' id='word_1_54' title='bbox 296 1014 411 1080; x_wconf 82' lang='lat' dir='ltr'><strong>auctor,</strong></span> <span class='ocrx_word' id='word_1_55' title='bbox 431 1024 468 1066; x_wconf 93' lang='lat' dir='ltr'><strong>ne</strong></span> <span class='ocrx_word' id='word_1_56' title='bbox 483 1005 580 1067; x_wconf 90' lang='lat' dir='ltr'><strong>sileret</strong></span> <span class='ocrx_word' id='word_1_57' title='bbox 594 1007 658 1069; x_wconf 91' lang='lat' dir='ltr'><strong>sine</strong></span> <span class='ocrx_word' id='word_1_58' title='bbox 672 1005 777 1068; x_wconf 82' lang='lat' dir='ltr'><strong>fabulis</strong></span> <span class='ocrx_word' id='word_1_59' title='bbox 793 1005 936 1081; x_wconf 88' lang='lat' dir='ltr'><strong>hilaritas,</strong></span> <span class='ocrx_word' id='word_1_60' title='bbox 956 1008 1046 1069; x_wconf 88' lang='lat' dir='ltr'><strong>multa</strong></span> <span class='ocrx_word' id='word_1_61' title='bbox 1063 1009 1092 1069; x_wconf 94' lang='lat' dir='ltr'><strong>in</strong></span> <span class='ocrx_word' id='word_1_62' title='bbox 1109 1009 1212 1070; x_wconf 89' lang='lat' dir='ltr'><strong>mulie-</strong></span> 
     </span>
     <span class='ocr_line' id='line_1_10' title="bbox 97 1091 1211 1174; baseline 0.001 -20"><span class='ocrx_word' id='word_1_63' title='bbox 97 1095 180 1154; x_wconf 87' lang='lat' dir='ltr'><strong>brem</strong></span> <span class='ocrx_word' id='word_1_64' title='bbox 204 1092 351 1155; x_wconf 90' lang='lat' dir='ltr'><strong>levitatem</strong></span> <span class='ocrx_word' id='word_1_65' title='bbox 372 1093 468 1172; x_wconf 90' lang='lat' dir='ltr'><strong>coepit</strong></span> <span class='ocrx_word' id='word_1_66' title='bbox 487 1091 610 1153; x_wconf 90' lang='lat' dir='ltr'><strong>iactare:</strong></span> <span class='ocrx_word' id='word_1_67' title='bbox 630 1111 718 1171; x_wconf 91' lang='lat' dir='ltr'><strong>quarn</strong></span> <span class='ocrx_word' id='word_1_68' title='bbox 737 1091 821 1152; x_wconf 86' lang='lat' dir='ltr'><strong>facile</strong></span> <span class='ocrx_word' id='word_1_69' title='bbox 839 1093 1026 1166; x_wconf 89' lang='lat' dir='ltr'><strong>adamarent,</strong></span> <span class='ocrx_word' id='word_1_70' title='bbox 1047 1112 1133 1174; x_wconf 88' lang='lat' dir='ltr'><strong>quarn</strong></span> <span class='ocrx_word' id='word_1_71' title='bbox 1155 1093 1211 1155; x_wconf 90' lang='lat' dir='ltr'><strong>cito</strong></span> 
     </span>
     <span class='ocr_line' id='line_1_11' title="bbox 98 1177 1213 1259; baseline -0.001 -18"><span class='ocrx_word' id='word_1_72' title='bbox 98 1181 182 1242; x_wconf 91' lang='lat' dir='ltr'><strong>etiam</strong></span> <span class='ocrx_word' id='word_1_73' title='bbox 207 1178 337 1240; x_wconf 84' lang='lat' dir='ltr'><strong>tiliorum</strong></span> <span class='ocrx_word' id='word_1_74' title='bbox 358 1178 610 1248; x_wconf 86' lang='lat' dir='ltr'><strong>obliviscerentur,</strong></span> <span class='ocrx_word' id='word_1_75' title='bbox 632 1177 800 1256; x_wconf 86' lang='lat' dir='ltr'><strong>nullamque</strong></span> <span class='ocrx_word' id='word_1_76' title='bbox 815 1196 881 1238; x_wconf 88' lang='lat' dir='ltr'><strong>esse</strong></span> <span class='ocrx_word' id='word_1_77' title='bbox 894 1178 1033 1240; x_wconf 82' lang='lat' dir='ltr'><strong>feminam</strong></span> <span class='ocrx_word' id='word_1_78' title='bbox 1049 1190 1109 1241; x_wconf 89' lang='lat' dir='ltr'><strong>tam</strong></span> <span class='ocrx_word' id='word_1_79' title='bbox 1126 1179 1213 1259; x_wconf 91' lang='lat' dir='ltr'><strong>pudi-</strong></span> 
     </span>
     <span class='ocr_line' id='line_1_12' title="bbox 98 1262 1241 1346; baseline -0.001 -19"><span class='ocrx_word' id='word_1_80' title='bbox 98 1285 177 1339; x_wconf 85' lang='lat' dir='ltr'><strong>cam,</strong></span> <span class='ocrx_word' id='word_1_81' title='bbox 208 1283 283 1344; x_wconf 91' lang='lat' dir='ltr'><strong>quae</strong></span> <span class='ocrx_word' id='word_1_82' title='bbox 309 1281 370 1324; x_wconf 92' lang='lat' dir='ltr'><strong>non</strong></span> <span class='ocrx_word' id='word_1_83' title='bbox 396 1262 548 1342; x_wconf 83' lang='lat' dir='ltr'><strong>peregrina</strong></span> <span class='ocrx_word' id='word_1_84' title='bbox 568 1262 687 1324; x_wconf 88' lang='lat' dir='ltr'><strong>libidine</strong></span> <span class='ocrx_word' id='word_1_85' title='bbox 706 1262 854 1342; x_wconf 90' lang='lat' dir='ltr'><strong>usquead</strong></span> <span class='ocrx_word' id='word_1_86' title='bbox 876 1264 1007 1326; x_wconf 82' lang='lat' dir='ltr'><strong>furorem</strong></span> <span class='ocrx_word' id='word_1_87' title='bbox 1028 1272 1212 1327; x_wconf 87' lang='lat' dir='ltr'><strong>averteretur.</strong></span> <span class='ocrx_word' id='word_1_88' title='bbox 1239 1341 1241 1346; x_wconf 23' lang='grc' dir='ltr'>Ι</span> 
     </span>
     <span class='ocr_line' id='line_1_13' title="bbox 92 1347 1213 1428; baseline -0.003 -15"><span class='ocrx_word' id='word_1_89' title='bbox 92 1369 150 1413; x_wconf 86' lang='grc'><strong>111</strong></span> <span class='ocrx_word' id='word_1_90' title='bbox 164 1368 201 1411; x_wconf 89' lang='lat' dir='ltr'><strong>se</strong></span> <span class='ocrx_word' id='word_1_91' title='bbox 215 1347 383 1428; x_wconf 80' lang='lat' dir='ltr'><strong>tragoedias</strong></span> <span class='ocrx_word' id='word_1_92' title='bbox 397 1357 507 1411; x_wconf 88' lang='lat' dir='ltr'><strong>veteres</strong></span> <span class='ocrx_word' id='word_1_93' title='bbox 523 1367 624 1410; x_wconf 85' lang='lat' dir='ltr'><strong>curare</strong></span> <span class='ocrx_word' id='word_1_94' title='bbox 640 1356 690 1410; x_wconf 90' lang='lat' dir='ltr'><strong>aut</strong></span> <span class='ocrx_word' id='word_1_95' title='bbox 703 1349 823 1410; x_wconf 88' lang='lat' dir='ltr'><strong>nomina</strong></span> <span class='ocrx_word' id='word_1_96' title='bbox 839 1349 961 1412; x_wconf 88' lang='lat' dir='ltr'><strong>saeculis</strong></span> <span class='ocrx_word' id='word_1_97' title='bbox 977 1356 1061 1422; x_wconf 87' lang='lat' dir='ltr'><strong>nota,</strong></span> <span class='ocrx_word' id='word_1_98' title='bbox 1083 1351 1134 1412; x_wconf 90' lang='lat' dir='ltr'><strong>sed</strong></span> <span class='ocrx_word' id='word_1_99' title='bbox 1149 1369 1213 1411; x_wconf 88' lang='lat' dir='ltr'><strong>rem</strong></span> 
     </span>
     <span class='ocr_line' id='line_1_14' title="bbox 93 1433 1325 1515; baseline -0.002 -17"><span class='ocrx_word' id='word_1_100' title='bbox 93 1455 151 1498; x_wconf 84' lang='lat' dir='ltr'><strong>sua</strong></span> <span class='ocrx_word' id='word_1_101' title='bbox 178 1434 325 1498; x_wconf 92' lang='lat' dir='ltr'><strong>memoria</strong></span> <span class='ocrx_word' id='word_1_102' title='bbox 350 1433 474 1509; x_wconf 84' lang='lat' dir='ltr'><strong>iactam,</strong></span> <span class='ocrx_word' id='word_1_103' title='bbox 501 1452 588 1515; x_wconf 90' lang='lat' dir='ltr'><strong>quam</strong></span> <span class='ocrx_word' id='word_1_104' title='bbox 619 1434 820 1514; x_wconf 90' lang='lat' dir='ltr'><strong>expositurum</strong></span> <span class='ocrx_word' id='word_1_105' title='bbox 846 1453 879 1496; x_wconf 89' lang='lat' dir='ltr'><strong>se</strong></span> <span class='ocrx_word' id='word_1_106' title='bbox 905 1453 985 1508; x_wconf 90' lang='lat' dir='ltr'><strong>esse,</strong></span> <span class='ocrx_word' id='word_1_107' title='bbox 1019 1437 1044 1498; x_wconf 91' lang='lat' dir='ltr'><strong>si</strong></span> <span class='ocrx_word' id='word_1_108' title='bbox 1073 1435 1212 1497; x_wconf 89' lang='lat' dir='ltr'><strong>vellemus</strong></span> <span class='ocrx_word' id='word_1_109' title='bbox 1311 1457 1325 1468; x_wconf 52' lang='lat' dir='ltr'><strong><em>f</em></strong></span> 
     </span>
     <span class='ocr_line' id='line_1_15' title="bbox 90 1519 1212 1601; baseline -0.002 -17"><span class='ocrx_word' id='word_1_110' title='bbox 90 1521 210 1584; x_wconf 87' lang='lat' dir='ltr'><strong>audire.</strong></span> <span class='ocrx_word' id='word_1_111' title='bbox 242 1519 392 1582; x_wconf 89' lang='lat' dir='ltr'><strong>conversis</strong></span> <span class='ocrx_word' id='word_1_112' title='bbox 412 1520 501 1599; x_wconf 76' lang='lat' dir='ltr'><strong>igitur</strong></span> <span class='ocrx_word' id='word_1_113' title='bbox 520 1519 653 1582; x_wconf 91' lang='lat' dir='ltr'><strong>omnium</strong></span> <span class='ocrx_word' id='word_1_114' title='bbox 675 1521 706 1581; x_wconf 96' lang='lat' dir='ltr'><strong>in</strong></span> <span class='ocrx_word' id='word_1_115' title='bbox 721 1537 754 1580; x_wconf 90' lang='lat' dir='ltr'><strong>se</strong></span> <span class='ocrx_word' id='word_1_116' title='bbox 769 1519 895 1582; x_wconf 86' lang='lat' dir='ltr'><strong>vultibus</strong></span> <span class='ocrx_word' id='word_1_117' title='bbox 911 1520 1090 1601; x_wconf 88' lang='lat' dir='ltr'><strong>auribusque</strong></span> <span class='ocrx_word' id='word_1_118' title='bbox 1104 1522 1148 1584; x_wconf 91' lang='lat' dir='ltr'><strong>sic</strong></span> <span class='ocrx_word' id='word_1_119' title='bbox 1162 1541 1212 1583; x_wconf 88' lang='lat' dir='ltr'><strong>ex-</strong></span> 
     </span>
     <span class='ocr_line' id='line_1_16' title="bbox 93 1614 268 1670; baseline -0.017 0"><span class='ocrx_word' id='word_1_120' title='bbox 93 1626 191 1670; x_wconf 88' lang='lat' dir='ltr'><strong>orsus</strong></span> <span class='ocrx_word' id='word_1_121' title='bbox 208 1614 268 1668; x_wconf 89' lang='lat' dir='ltr'><strong>est:</strong></span> 
     </span>
    </p>

    <p class='ocr_par' dir='ltr' id='par_1_5' title="bbox 90 1683 1280 3483">
     <span class='ocr_line' id='line_1_17' title="bbox 179 1683 1280 1771; baseline -0.004 -18"><span class='ocrx_word' id='word_1_122' title='bbox 179 1683 328 1753; x_wconf 83' lang='lat' dir='ltr'><strong>‘matrona</strong></span> <span class='ocrx_word' id='word_1_123' title='bbox 343 1690 484 1770; x_wconf 88' lang='lat' dir='ltr'><strong>quaedam</strong></span> <span class='ocrx_word' id='word_1_124' title='bbox 500 1690 609 1770; x_wconf 84' lang='lat' dir='ltr'><strong>Ephesi</strong></span> <span class='ocrx_word' id='word_1_125' title='bbox 624 1697 683 1752; x_wconf 85' lang='lat' dir='ltr'><strong>tam</strong></span> <span class='ocrx_word' id='word_1_126' title='bbox 700 1697 786 1753; x_wconf 89' lang='lat' dir='ltr'><strong>notae</strong></span> <span class='ocrx_word' id='word_1_127' title='bbox 801 1697 865 1752; x_wconf 91' lang='lat' dir='ltr'><strong>erat</strong></span> <span class='ocrx_word' id='word_1_128' title='bbox 878 1690 1044 1771; x_wconf 87' lang='lat' dir='ltr'><strong>pudicitiae,</strong></span> <span class='ocrx_word' id='word_1_129' title='bbox 1061 1700 1093 1754; x_wconf 89' lang='lat' dir='ltr'><strong>ut</strong></span> <span class='ocrx_word' id='word_1_130' title='bbox 1103 1691 1212 1755; x_wconf 89' lang='lat' dir='ltr'><strong>vicina·</strong></span> <span class='ocrx_word' id='word_1_131' title='bbox 1224 1689 1280 1750; x_wconf 90' lang='grc'><strong>111</strong></span> 
     </span>
     <span class='ocr_line' id='line_1_18' title="bbox 90 1775 1214 1857; baseline -0.003 -16"><span class='ocrx_word' id='word_1_132' title='bbox 90 1799 164 1841; x_wconf 91' lang='lat' dir='ltr'><strong>rum</strong></span> <span class='ocrx_word' id='word_1_133' title='bbox 192 1795 313 1857; x_wconf 89' lang='lat' dir='ltr'><strong>quoque</strong></span> <span class='ocrx_word' id='word_1_134' title='bbox 333 1776 461 1855; x_wconf 82' lang='lat' dir='ltr'><strong>gentium</strong></span> <span class='ocrx_word' id='word_1_135' title='bbox 482 1775 606 1837; x_wconf 83' lang='lat' dir='ltr'><strong>feminas</strong></span> <span class='ocrx_word' id='word_1_136' title='bbox 629 1777 664 1838; x_wconf 92' lang='lat' dir='ltr'><strong>ad</strong></span> <span class='ocrx_word' id='word_1_137' title='bbox 685 1775 882 1855; x_wconf 86' lang='lat' dir='ltr'><strong>spectaculum</strong></span> <span class='ocrx_word' id='word_1_138' title='bbox 903 1777 949 1839; x_wconf 90' lang='lat' dir='ltr'><strong>sui</strong></span> <span class='ocrx_word' id='word_1_139' title='bbox 968 1786 1109 1841; x_wconf 87' lang='lat' dir='ltr'><strong>evocaret.</strong></span> <span class='ocrx_word' id='word_1_140' title='bbox 1143 1777 1214 1840; x_wconf 85' lang='lat' dir='ltr'><strong>baec</strong></span> 
     </span>
     <span class='ocr_line' id='line_1_19' title="bbox 90 1862 1212 1944; baseline -0.003 -17"><span class='ocrx_word' id='word_1_141' title='bbox 90 1883 168 1944; x_wconf 81' lang='lat' dir='ltr'><strong>ergo</strong></span> <span class='ocrx_word' id='word_1_142' title='bbox 185 1881 255 1925; x_wconf 91' lang='lat' dir='ltr'><strong>cnm</strong></span> <span class='ocrx_word' id='word_1_143' title='bbox 270 1863 364 1924; x_wconf 88' lang='lat' dir='ltr'><strong>virum</strong></span> <span class='ocrx_word' id='word_1_144' title='bbox 379 1863 545 1934; x_wconf 83' lang='lat' dir='ltr'><strong>extulisset,</strong></span> <span class='ocrx_word' id='word_1_145' title='bbox 560 1879 621 1923; x_wconf 94' lang='lat' dir='ltr'><strong>non</strong></span> <span class='ocrx_word' id='word_1_146' title='bbox 637 1869 774 1923; x_wconf 89' lang='lat' dir='ltr'><strong>contenta</strong></span> <span class='ocrx_word' id='word_1_147' title='bbox 789 1862 899 1941; x_wconf 83' lang='lat' dir='ltr'><strong>vulgari</strong></span> <span class='ocrx_word' id='word_1_148' title='bbox 914 1881 998 1925; x_wconf 90' lang='lat' dir='ltr'><strong>more</strong></span> <span class='ocrx_word' id='word_1_149' title='bbox 1013 1865 1102 1925; x_wconf 81' lang='lat' dir='ltr'><strong>binus</strong></span> <span class='ocrx_word' id='word_1_150' title='bbox 1117 1863 1212 1943; x_wconf 86' lang='lat' dir='ltr'><strong>passis</strong></span> 
     </span>
     <span class='ocr_line' id='line_1_20' title="bbox 91 1947 1214 2031; baseline -0.004 -19"><span class='ocrx_word' id='word_1_151' title='bbox 91 1948 243 2031; x_wconf 87' lang='lat' dir='ltr'><strong>prosequi</strong></span> <span class='ocrx_word' id='word_1_152' title='bbox 268 1947 398 2010; x_wconf 85' lang='lat' dir='ltr'><strong>crinibus</strong></span> <span class='ocrx_word' id='word_1_153' title='bbox 424 1955 474 2008; x_wconf 89' lang='lat' dir='ltr'><strong>ant</strong></span> <span class='ocrx_word' id='word_1_154' title='bbox 499 1948 641 2010; x_wconf 87' lang='lat' dir='ltr'><strong>nudatum</strong></span> <span class='ocrx_word' id='word_1_155' title='bbox 668 1955 770 2028; x_wconf 88' lang='lat' dir='ltr'><strong>peetus</strong></span> <span class='ocrx_word' id='word_1_156' title='bbox 795 1947 827 2009; x_wconf 92' lang='lat' dir='ltr'><strong>in</strong></span> <span class='ocrx_word' id='word_1_157' title='bbox 854 1957 1014 2028; x_wconf 88' lang='lat' dir='ltr'><strong>conspectu</strong></span> <span class='ocrx_word' id='word_1_158' title='bbox 1036 1949 1214 2030; x_wconf 82' lang='lat' dir='ltr'><strong>frequentiae</strong></span> 
     </span>
     <span class='ocr_line' id='line_1_21' title="bbox 92 2032 1212 2117; baseline -0.004 -19"><span class='ocrx_word' id='word_1_159' title='bbox 92 2039 254 2117; x_wconf 80' lang='lat' dir='ltr'><strong>plangere,</strong></span> <span class='ocrx_word' id='word_1_160' title='bbox 270 2033 301 2096; x_wconf 90' lang='lat' dir='ltr'><strong>in</strong></span> <span class='ocrx_word' id='word_1_161' title='bbox 316 2032 512 2096; x_wconf 90' lang='lat' dir='ltr'><strong>conditorium</strong></span> <span class='ocrx_word' id='word_1_162' title='bbox 528 2034 614 2094; x_wconf 88' lang='lat' dir='ltr'><strong>etiarn</strong></span> <span class='ocrx_word' id='word_1_163' title='bbox 631 2041 786 2113; x_wconf 89' lang='lat' dir='ltr'><strong>prosecuta</strong></span> <span class='ocrx_word' id='word_1_164' title='bbox 802 2040 847 2095; x_wconf 88' lang='lat' dir='ltr'><strong>est</strong></span> <span class='ocrx_word' id='word_1_165' title='bbox 861 2033 1045 2107; x_wconf 81' lang='lat' dir='ltr'><strong>defunctum,</strong></span> <span class='ocrx_word' id='word_1_166' title='bbox 1066 2034 1212 2114; x_wconf 88' lang='lat' dir='ltr'><strong>positum·</strong></span> 
     </span>
     <span class='ocr_line' id='line_1_22' title="bbox 94 2118 1214 2202; baseline -0.003 -18"><span class='ocrx_word' id='word_1_167' title='bbox 94 2141 154 2202; x_wconf 89' lang='lat' dir='ltr'><strong>que</strong></span> <span class='ocrx_word' id='word_1_168' title='bbox 170 2121 203 2182; x_wconf 93' lang='lat' dir='ltr'><strong>in</strong></span> <span class='ocrx_word' id='word_1_169' title='bbox 219 2119 372 2200; x_wconf 77' lang='lat' dir='ltr'><strong>hypogaeo</strong></span> <span class='ocrx_word' id='word_1_170' title='bbox 389 2118 499 2180; x_wconf 88' lang='lat' dir='ltr'><strong>Graeco</strong></span> <span class='ocrx_word' id='word_1_171' title='bbox 515 2137 598 2180; x_wconf 85' lang='lat' dir='ltr'><strong>more</strong></span> <span class='ocrx_word' id='word_1_172' title='bbox 613 2137 721 2198; x_wconf 89' lang='lat' dir='ltr'><strong>corpus</strong></span> <span class='ocrx_word' id='word_1_173' title='bbox 737 2118 886 2180; x_wconf 90' lang='lat' dir='ltr'><strong>custodire</strong></span> <span class='ocrx_word' id='word_1_174' title='bbox 900 2137 934 2180; x_wconf 88' lang='grc'><strong>11</strong></span> <span class='ocrx_word' id='word_1_175' title='bbox 948 2120 1102 2181; x_wconf 85' lang='lat' dir='ltr'><strong>tieretotis</strong></span> <span class='ocrx_word' id='word_1_176' title='bbox 1116 2119 1214 2181; x_wconf 79' lang='lat' dir='ltr'><strong>nocti-</strong></span> 
     </span>
     <span class='ocr_line' id='line_1_23' title="bbox 96 2202 1213 2285; baseline -0.003 -16"><span class='ocrx_word' id='word_1_177' title='bbox 96 2208 156 2269; x_wconf 89' lang='lat' dir='ltr'><strong>bus</strong></span> <span class='ocrx_word' id='word_1_178' title='bbox 180 2205 346 2284; x_wconf 88' lang='lat' dir='ltr'><strong>diebusque</strong></span> <span class='ocrx_word' id='word_1_179' title='bbox 360 2202 466 2284; x_wconf 87' lang='lat' dir='ltr'><strong>coepit.</strong></span> <span class='ocrx_word' id='word_1_180' title='bbox 497 2204 540 2265; x_wconf 91' lang='lat' dir='ltr'><strong>sic</strong></span> <span class='ocrx_word' id='word_1_181' title='bbox 553 2204 747 2267; x_wconf 87' lang='lat' dir='ltr'><strong>adtlictantern</strong></span> <span class='ocrx_word' id='word_1_182' title='bbox 764 2223 796 2266; x_wconf 86' lang='lat' dir='ltr'><strong>sc</strong></span> <span class='ocrx_word' id='word_1_183' title='bbox 810 2222 843 2265; x_wconf 90' lang='lat' dir='ltr'><strong>ac</strong></span> <span class='ocrx_word' id='word_1_184' title='bbox 858 2212 983 2265; x_wconf 86' lang='lat' dir='ltr'><strong>mortem</strong></span> <span class='ocrx_word' id='word_1_185' title='bbox 999 2205 1094 2266; x_wconf 91' lang='lat' dir='ltr'><strong>inedia</strong></span> <span class='ocrx_word' id='word_1_186' title='bbox 1110 2223 1213 2285; x_wconf 87' lang='lat' dir='ltr'><strong>perse-</strong></span> 
     </span>
     <span class='ocr_line' id='line_1_24' title="bbox 98 2289 1212 2372; baseline -0.002 -19"><span class='ocrx_word' id='word_1_187' title='bbox 98 2299 242 2372; x_wconf 88' lang='lat' dir='ltr'><strong>quentem</strong></span> <span class='ocrx_word' id='word_1_188' title='bbox 261 2308 322 2352; x_wconf 93' lang='lat' dir='ltr'><strong>non</strong></span> <span class='ocrx_word' id='word_1_189' title='bbox 342 2297 480 2370; x_wconf 90' lang='lat' dir='ltr'><strong>parentes</strong></span> <span class='ocrx_word' id='word_1_190' title='bbox 496 2296 656 2368; x_wconf 92' lang='lat' dir='ltr'><strong>potuerunt</strong></span> <span class='ocrx_word' id='word_1_191' title='bbox 671 2290 830 2362; x_wconf 90' lang='lat' dir='ltr'><strong>abducere,</strong></span> <span class='ocrx_word' id='word_1_192' title='bbox 850 2308 911 2351; x_wconf 90' lang='lat' dir='ltr'><strong>non</strong></span> <span class='ocrx_word' id='word_1_193' title='bbox 928 2289 1101 2370; x_wconf 80' lang='lat' dir='ltr'><strong>propinqui3</strong></span> <span class='ocrx_word' id='word_1_194' title='bbox 1122 2289 1212 2370; x_wconf 80' lang='lat' dir='ltr'><strong>magi-</strong></span> 
     </span>
     <span class='ocr_line' id='line_1_25' title="bbox 99 2374 1214 2456; baseline -0.004 -16"><span class='ocrx_word' id='word_1_195' title='bbox 99 2385 211 2440; x_wconf 86' lang='lat' dir='ltr'><strong>stratus</strong></span> <span class='ocrx_word' id='word_1_196' title='bbox 232 2376 337 2438; x_wconf 91' lang='lat' dir='ltr'><strong>ultimo</strong></span> <span class='ocrx_word' id='word_1_197' title='bbox 359 2374 469 2454; x_wconf 87' lang='lat' dir='ltr'><strong>repulsi</strong></span> <span class='ocrx_word' id='word_1_198' title='bbox 488 2375 636 2448; x_wconf 88' lang='lat' dir='ltr'><strong>abierunt,</strong></span> <span class='ocrx_word' id='word_1_199' title='bbox 657 2375 895 2455; x_wconf 83' lang='lat' dir='ltr'><strong>complorataque</strong></span> <span class='ocrx_word' id='word_1_200' title='bbox 915 2376 1069 2454; x_wconf 85' lang='lat' dir='ltr'><strong>singularis</strong></span> <span class='ocrx_word' id='word_1_201' title='bbox 1090 2375 1214 2456; x_wconf 89' lang='lat' dir='ltr'><strong>exempli</strong></span> 
     </span>
     <span class='ocr_line' id='line_1_26' title="bbox 102 2459 1269 2539; baseline 0 -17"><span class='ocrx_word' id='word_1_202' title='bbox 102 2463 209 2524; x_wconf 82' lang='lat' dir='ltr'><strong>ternina</strong></span> <span class='ocrx_word' id='word_1_203' title='bbox 229 2462 266 2524; x_wconf 90' lang='lat' dir='ltr'><strong>ab</strong></span> <span class='ocrx_word' id='word_1_204' title='bbox 286 2461 425 2522; x_wconf 83' lang='lat' dir='ltr'><strong>omnibns</strong></span> <span class='ocrx_word' id='word_1_205' title='bbox 444 2460 577 2539; x_wconf 89' lang='lat' dir='ltr'><strong>quintum</strong></span> <span class='ocrx_word' id='word_1_206' title='bbox 594 2461 650 2522; x_wconf 93' lang='lat' dir='ltr'><strong>iam</strong></span> <span class='ocrx_word' id='word_1_207' title='bbox 667 2461 742 2522; x_wconf 91' lang='lat' dir='ltr'><strong>diem</strong></span> <span class='ocrx_word' id='word_1_208' title='bbox 759 2459 822 2521; x_wconf 90' lang='lat' dir='ltr'><strong>sine</strong></span> <span class='ocrx_word' id='word_1_209' title='bbox 837 2461 974 2522; x_wconf 86' lang='lat' dir='ltr'><strong>alimento</strong></span> <span class='ocrx_word' id='word_1_210' title='bbox 990 2461 1130 2524; x_wconf 91' lang='lat' dir='ltr'><strong>trahebat.</strong></span> <span class='ocrx_word' id='word_1_211' title='bbox 1160 2462 1214 2522; x_wconf 89' lang='lat' dir='ltr'><strong>ad·</strong></span> <span class='ocrx_word' id='word_1_212' title='bbox 1266 2516 1269 2522; x_wconf 80' lang='grc'>,</span> 
     </span>
     <span class='ocr_line' id='line_1_27' title="bbox 108 2545 1215 2627; baseline 0 -19"><span class='ocrx_word' id='word_1_213' title='bbox 108 2547 213 2609; x_wconf 75' lang='grc'><strong>1111111</strong></span> <span class='ocrx_word' id='word_1_214' title='bbox 231 2565 334 2627; x_wconf 83' lang='lat' dir='ltr'><strong>aegrae</strong></span> <span class='ocrx_word' id='word_1_215' title='bbox 354 2546 496 2607; x_wconf 87' lang='lat' dir='ltr'><strong>fidissima</strong></span> <span class='ocrx_word' id='word_1_216' title='bbox 517 2545 630 2621; x_wconf 83' lang='lat' dir='ltr'><strong>ancilla,</strong></span> <span class='ocrx_word' id='word_1_217' title='bbox 650 2546 796 2626; x_wconf 91' lang='lat' dir='ltr'><strong>simulque</strong></span> <span class='ocrx_word' id='word_1_218' title='bbox 816 2552 844 2607; x_wconf 92' lang='lat' dir='ltr'><strong>et</strong></span> <span class='ocrx_word' id='word_1_219' title='bbox 857 2547 991 2608; x_wconf 88' lang='lat' dir='ltr'><strong>lacrimas</strong></span> <span class='ocrx_word' id='word_1_220' title='bbox 1008 2547 1215 2608; x_wconf 84' lang='lat' dir='ltr'><strong>commodabat</strong></span> 
     </span>
     <span class='ocr_line' id='line_1_28' title="bbox 103 2631 1214 2714; baseline 0.001 -20"><span class='ocrx_word' id='word_1_221' title='bbox 103 2632 211 2712; x_wconf 80' lang='lat' dir='ltr'><strong>lugenti</strong></span> <span class='ocrx_word' id='word_1_222' title='bbox 230 2641 260 2694; x_wconf 93' lang='lat' dir='ltr'><strong>et</strong></span> <span class='ocrx_word' id='word_1_223' title='bbox 278 2632 529 2714; x_wconf 88' lang='lat' dir='ltr'><strong>quotienscunque</strong></span> <span class='ocrx_word' id='word_1_224' title='bbox 548 2631 692 2693; x_wconf 86' lang='lat' dir='ltr'><strong>deiecerat</strong></span> <span class='ocrx_word' id='word_1_225' title='bbox 708 2632 840 2710; x_wconf 91' lang='lat' dir='ltr'><strong>positum</strong></span> <span class='ocrx_word' id='word_1_226' title='bbox 861 2634 892 2693; x_wconf 94' lang='lat' dir='ltr'><strong>in</strong></span> <span class='ocrx_word' id='word_1_227' title='bbox 909 2640 1101 2694; x_wconf 87' lang='lat' dir='ltr'><strong>monumento</strong></span> <span class='ocrx_word' id='word_1_228' title='bbox 1115 2633 1214 2695; x_wconf 85' lang='lat' dir='ltr'><strong>lumen</strong></span> 
     </span>
     <span class='ocr_line' id='line_1_29' title="bbox 101 2717 1216 2796; baseline -0.002 -16"><span class='ocrx_word' id='word_1_229' title='bbox 101 2718 270 2781; x_wconf 87' lang='lat' dir='ltr'><strong>renovabat.</strong></span> <span class='ocrx_word' id='word_1_230' title='bbox 305 2735 361 2780; x_wconf 91' lang='lat' dir='ltr'><strong>una</strong></span> <span class='ocrx_word' id='word_1_231' title='bbox 381 2717 469 2796; x_wconf 83' lang='lat' dir='ltr'><strong>igitur</strong></span> <span class='ocrx_word' id='word_1_232' title='bbox 488 2717 518 2778; x_wconf 93' lang='lat' dir='ltr'><strong>in</strong></span> <span class='ocrx_word' id='word_1_233' title='bbox 537 2724 599 2779; x_wconf 91' lang='lat' dir='ltr'><strong>tota</strong></span> <span class='ocrx_word' id='word_1_234' title='bbox 620 2717 733 2778; x_wconf 91' lang='lat' dir='ltr'><strong>civitate</strong></span> <span class='ocrx_word' id='word_1_235' title='bbox 752 2717 850 2779; x_wconf 82' lang='lat' dir='ltr'><strong>fabula</strong></span> <span class='ocrx_word' id='word_1_236' title='bbox 869 2725 944 2780; x_wconf 86' lang='lat' dir='ltr'><strong>erat:</strong></span> <span class='ocrx_word' id='word_1_237' title='bbox 965 2717 1061 2780; x_wconf 90' lang='lat' dir='ltr'><strong>solum</strong></span> <span class='ocrx_word' id='word_1_238' title='bbox 1084 2719 1216 2780; x_wconf 86' lang='lat' dir='ltr'><strong>videlicet</strong></span> 
     </span>
     <span class='ocr_line' id='line_1_30' title="bbox 101 2802 1214 2884; baseline -0.003 -17"><span class='ocrx_word' id='word_1_239' title='bbox 101 2805 169 2867; x_wconf 91' lang='lat' dir='ltr'><strong>illud</strong></span> <span class='ocrx_word' id='word_1_240' title='bbox 193 2802 352 2866; x_wconf 83' lang='lat' dir='ltr'><strong>adfulsisse</strong></span> <span class='ocrx_word' id='word_1_241' title='bbox 370 2821 471 2865; x_wconf 84' lang='lat' dir='ltr'><strong>verum</strong></span> <span class='ocrx_word' id='word_1_242' title='bbox 487 2802 641 2881; x_wconf 91' lang='lat' dir='ltr'><strong>pudicitiae</strong></span> <span class='ocrx_word' id='word_1_243' title='bbox 656 2803 824 2883; x_wconf 91' lang='lat' dir='ltr'><strong>amorisque</strong></span> <span class='ocrx_word' id='word_1_244' title='bbox 839 2805 1003 2884; x_wconf 88' lang='lat' dir='ltr'><strong>exemplum</strong></span> <span class='ocrx_word' id='word_1_245' title='bbox 1020 2805 1118 2866; x_wconf 89' lang='lat' dir='ltr'><strong>omnis</strong></span> <span class='ocrx_word' id='word_1_246' title='bbox 1135 2804 1214 2864; x_wconf 89' lang='lat' dir='ltr'><strong>ordi-</strong></span> 
     </span>
     <span class='ocr_line' id='line_1_31' title="bbox 101 2886 1214 2969; baseline -0.003 -17"><span class='ocrx_word' id='word_1_247' title='bbox 101 2891 147 2953; x_wconf 90' lang='lat' dir='ltr'><strong>nis</strong></span> <span class='ocrx_word' id='word_1_248' title='bbox 163 2888 301 2952; x_wconf 88' lang='lat' dir='ltr'><strong>bomines</strong></span> <span class='ocrx_word' id='word_1_249' title='bbox 317 2889 541 2963; x_wconf 82' lang='lat' dir='ltr'><strong>confitebantur,</strong></span> <span class='ocrx_word' id='word_1_250' title='bbox 559 2907 625 2950; x_wconf 91' lang='lat' dir='ltr'><strong>cnm</strong></span> <span class='ocrx_word' id='word_1_251' title='bbox 641 2886 757 2949; x_wconf 88' lang='lat' dir='ltr'><strong>interim</strong></span> <span class='ocrx_word' id='word_1_252' title='bbox 770 2889 930 2967; x_wconf 87' lang='lat' dir='ltr'><strong>imperator</strong></span> <span class='ocrx_word' id='word_1_253' title='bbox 944 2889 1110 2969; x_wconf 86' lang='lat' dir='ltr'><strong>provinciae</strong></span> <span class='ocrx_word' id='word_1_254' title='bbox 1124 2888 1214 2950; x_wconf 90' lang='lat' dir='ltr'><strong>latro-</strong></span> 
     </span>
     <span class='ocr_line' id='line_1_32' title="bbox 102 2973 1215 3053; baseline -0.003 -15"><span class='ocrx_word' id='word_1_255' title='bbox 102 2994 156 3038; x_wconf 89' lang='lat' dir='ltr'><strong>nes</strong></span> <span class='ocrx_word' id='word_1_256' title='bbox 177 2975 268 3038; x_wconf 90' lang='lat' dir='ltr'><strong>inssit</strong></span> <span class='ocrx_word' id='word_1_257' title='bbox 288 2973 424 3037; x_wconf 88' lang='lat' dir='ltr'><strong>crucibus</strong></span> <span class='ocrx_word' id='word_1_258' title='bbox 444 2973 530 3052; x_wconf 77' lang='grc'><strong>11111</strong></span> <span class='ocrx_word' id='word_1_259' title='bbox 546 2974 706 3035; x_wconf 90' lang='lat' dir='ltr'><strong>secundum</strong></span> <span class='ocrx_word' id='word_1_260' title='bbox 722 2973 800 3035; x_wconf 91' lang='lat' dir='ltr'><strong>illam</strong></span> <span class='ocrx_word' id='word_1_261' title='bbox 816 2975 938 3036; x_wconf 88' lang='lat' dir='ltr'><strong>eandem</strong></span> <span class='ocrx_word' id='word_1_262' title='bbox 955 2973 1097 3047; x_wconf 89' lang='lat' dir='ltr'><strong>casulam,</strong></span> <span class='ocrx_word' id='word_1_263' title='bbox 1113 2974 1143 3034; x_wconf 93' lang='lat' dir='ltr'><strong>in</strong></span> <span class='ocrx_word' id='word_1_264' title='bbox 1159 2992 1215 3053; x_wconf 87' lang='grc'><strong>111</strong></span> 
     </span>
     <span class='ocr_line' id='line_1_33' title="bbox 100 3059 1215 3139; baseline -0.003 -15"><span class='ocrx_word' id='word_1_265' title='bbox 100 3081 203 3124; x_wconf 87' lang='lat' dir='ltr'><strong>recens</strong></span> <span class='ocrx_word' id='word_1_266' title='bbox 224 3060 346 3123; x_wconf 87' lang='lat' dir='ltr'><strong>cadaver</strong></span> <span class='ocrx_word' id='word_1_267' title='bbox 364 3068 498 3122; x_wconf 90' lang='lat' dir='ltr'><strong>matrona</strong></span> <span class='ocrx_word' id='word_1_268' title='bbox 517 3059 650 3120; x_wconf 85' lang='lat' dir='ltr'><strong>debebat.</strong></span> <span class='ocrx_word' id='word_1_269' title='bbox 681 3059 813 3139; x_wconf 92' lang='lat' dir='ltr'><strong>proxima</strong></span> <span class='ocrx_word' id='word_1_270' title='bbox 833 3078 902 3139; x_wconf 85' lang='lat' dir='ltr'><strong>ergo</strong></span> <span class='ocrx_word' id='word_1_271' title='bbox 923 3067 1022 3132; x_wconf 86' lang='lat' dir='ltr'><strong>nocte,</strong></span> <span class='ocrx_word' id='word_1_272' title='bbox 1038 3077 1104 3120; x_wconf 89' lang='lat' dir='ltr'><strong>cum</strong></span> <span class='ocrx_word' id='word_1_273' title='bbox 1121 3059 1215 3134; x_wconf 89' lang='lat' dir='ltr'><strong>miles,</strong></span> 
     </span>
     <span class='ocr_line' id='line_1_34' title="bbox 102 3145 1216 3228; baseline -0.003 -18"><span class='ocrx_word' id='word_1_274' title='bbox 102 3149 151 3228; x_wconf 93' lang='lat' dir='ltr'><strong>qui</strong></span> <span class='ocrx_word' id='word_1_275' title='bbox 168 3165 272 3210; x_wconf 87' lang='lat' dir='ltr'><strong>eruces</strong></span> <span class='ocrx_word' id='word_1_276' title='bbox 287 3146 465 3217; x_wconf 86' lang='lat' dir='ltr'><strong>asservabat,</strong></span> <span class='ocrx_word' id='word_1_277' title='bbox 481 3163 517 3205; x_wconf 91' lang='lat' dir='ltr'><strong>ne</strong></span> <span class='ocrx_word' id='word_1_278' title='bbox 529 3145 594 3225; x_wconf 90' lang='lat' dir='ltr'><strong>quis</strong></span> <span class='ocrx_word' id='word_1_279' title='bbox 606 3146 643 3206; x_wconf 92' lang='lat' dir='ltr'><strong>ad</strong></span> <span class='ocrx_word' id='word_1_280' title='bbox 656 3145 835 3224; x_wconf 86' lang='lat' dir='ltr'><strong>sepulturam</strong></span> <span class='ocrx_word' id='word_1_281' title='bbox 850 3164 958 3226; x_wconf 91' lang='lat' dir='ltr'><strong>corpus</strong></span> <span class='ocrx_word' id='word_1_282' title='bbox 971 3145 1143 3218; x_wconf 86' lang='lat' dir='ltr'><strong>detraheret,</strong></span> <span class='ocrx_word' id='word_1_283' title='bbox 1157 3163 1216 3207; x_wconf 87' lang='lat' dir='ltr'><strong>no-</strong></span> 
     </span>
     <span class='ocr_line' id='line_1_35' title="bbox 102 3230 1215 3311; baseline -0.003 -15"><span class='ocrx_word' id='word_1_284' title='bbox 102 3240 194 3296; x_wconf 90' lang='lat' dir='ltr'><strong>tasset</strong></span> <span class='ocrx_word' id='word_1_285' title='bbox 210 3232 266 3294; x_wconf 90' lang='lat' dir='ltr'><strong>sibi</strong></span> <span class='ocrx_word' id='word_1_286' title='bbox 281 3234 326 3311; x_wconf 81' lang='lat' dir='ltr'><strong>[etl</strong></span> <span class='ocrx_word' id='word_1_287' title='bbox 340 3233 439 3294; x_wconf 91' lang='lat' dir='ltr'><strong>lumen</strong></span> <span class='ocrx_word' id='word_1_288' title='bbox 452 3230 527 3292; x_wconf 91' lang='lat' dir='ltr'><strong>inter</strong></span> <span class='ocrx_word' id='word_1_289' title='bbox 538 3231 718 3292; x_wconf 88' lang='lat' dir='ltr'><strong>monimenta</strong></span> <span class='ocrx_word' id='word_1_290' title='bbox 732 3230 837 3292; x_wconf 90' lang='lat' dir='ltr'><strong>clarius</strong></span> <span class='ocrx_word' id='word_1_291' title='bbox 848 3232 964 3311; x_wconf 83' lang='lat' dir='ltr'><strong>fulgens</strong></span> <span class='ocrx_word' id='word_1_292' title='bbox 975 3238 1005 3292; x_wconf 92' lang='lat' dir='ltr'><strong>et</strong></span> <span class='ocrx_word' id='word_1_293' title='bbox 1017 3231 1157 3310; x_wconf 87' lang='lat' dir='ltr'><strong>gemitum</strong></span> <span class='ocrx_word' id='word_1_294' title='bbox 1169 3232 1215 3293; x_wconf 93' lang='lat' dir='ltr'><strong>lu·</strong></span> 
     </span>
     <span class='ocr_line' id='line_1_36' title="bbox 103 3315 1216 3399; baseline -0.001 -19"><span class='ocrx_word' id='word_1_295' title='bbox 103 3319 199 3399; x_wconf 84' lang='lat' dir='ltr'><strong>gentis</strong></span> <span class='ocrx_word' id='word_1_296' title='bbox 215 3317 361 3390; x_wconf 89' lang='lat' dir='ltr'><strong>audisset,</strong></span> <span class='ocrx_word' id='word_1_297' title='bbox 378 3317 447 3379; x_wconf 86' lang='lat' dir='ltr'><strong>vitio</strong></span> <span class='ocrx_word' id='word_1_298' title='bbox 463 3315 557 3395; x_wconf 85' lang='lat' dir='ltr'><strong>gentis</strong></span> <span class='ocrx_word' id='word_1_299' title='bbox 573 3317 718 3379; x_wconf 88' lang='lat' dir='ltr'><strong>humanae</strong></span> <span class='ocrx_word' id='word_1_300' title='bbox 734 3317 883 3397; x_wconf 90' lang='lat' dir='ltr'><strong>concupiit</strong></span> <span class='ocrx_word' id='word_1_301' title='bbox 897 3316 982 3390; x_wconf 89' lang='lat' dir='ltr'><strong>scire,</strong></span> <span class='ocrx_word' id='word_1_302' title='bbox 998 3317 1064 3397; x_wconf 91' lang='lat' dir='ltr'><strong>quis</strong></span> <span class='ocrx_word' id='word_1_303' title='bbox 1080 3325 1132 3379; x_wconf 89' lang='lat' dir='ltr'><strong>aut</strong></span> <span class='ocrx_word' id='word_1_304' title='bbox 1147 3317 1216 3398; x_wconf 91' lang='lat' dir='ltr'><strong>quid</strong></span> 
     </span>
     <span class='ocr_line' id='line_1_37' title="bbox 101 3400 1217 3483; baseline -0.001 -17"><span class='ocrx_word' id='word_1_305' title='bbox 101 3405 219 3466; x_wconf 82' lang='lat' dir='ltr'><strong>faceret.</strong></span> <span class='ocrx_word' id='word_1_306' title='bbox 251 3403 401 3465; x_wconf 87' lang='lat' dir='ltr'><strong>deseendit</strong></span> <span class='ocrx_word' id='word_1_307' title='bbox 420 3400 509 3481; x_wconf 84' lang='lat' dir='ltr'><strong>igitur</strong></span> <span class='ocrx_word' id='word_1_308' title='bbox 528 3402 559 3463; x_wconf 90' lang='grc'><strong>11</strong></span> <span class='ocrx_word' id='word_1_309' title='bbox 573 3401 787 3474; x_wconf 90' lang='lat' dir='ltr'><strong>conditorium,</strong></span> <span class='ocrx_word' id='word_1_310' title='bbox 803 3401 923 3482; x_wconf 89' lang='lat' dir='ltr'><strong>visaque</strong></span> <span class='ocrx_word' id='word_1_311' title='bbox 938 3403 1133 3483; x_wconf 90' lang='lat' dir='ltr'><strong>pulcherrima</strong></span> <span class='ocrx_word' id='word_1_312' title='bbox 1149 3421 1217 3465; x_wconf 89' lang='lat' dir='ltr'><strong>mu-</strong></span> 
     </span>
    </p>
   </div>
   <div class='ocr_carea' id='block_1_3' title="bbox 10 3486 1216 3570">
    <p class='ocr_par' dir='ltr' id='par_1_6' title="bbox 10 3486 1216 3570">
     <span class='ocr_line' id='line_1_38' title="bbox 10 3486 1216 3570; baseline -0.003 -18"><span class='ocrx_word' id='word_1_313' title='bbox 10 3555 11 3558; x_wconf 62' lang='grc'>,</span> <span class='ocrx_word' id='word_1_314' title='bbox 104 3490 173 3552; x_wconf 87' lang='lat' dir='ltr'><strong>licre</strong></span> <span class='ocrx_word' id='word_1_315' title='bbox 188 3489 287 3570; x_wconf 92' lang='lat' dir='ltr'><strong>primo</strong></span> <span class='ocrx_word' id='word_1_316' title='bbox 304 3489 387 3568; x_wconf 87' lang='lat' dir='ltr'><strong>quasi</strong></span> <span class='ocrx_word' id='word_1_317' title='bbox 402 3488 530 3568; x_wconf 91' lang='lat' dir='ltr'><strong>quodam</strong></span> <span class='ocrx_word' id='word_1_318' title='bbox 545 3495 681 3549; x_wconf 92' lang='lat' dir='ltr'><strong>monstro</strong></span> <span class='ocrx_word' id='word_1_319' title='bbox 699 3486 878 3568; x_wconf 84' lang='lat' dir='ltr'><strong>infernisque</strong></span> <span class='ocrx_word' id='word_1_320' title='bbox 893 3487 1068 3568; x_wconf 85' lang='lat' dir='ltr'><strong>imaginibus</strong></span> <span class='ocrx_word' id='word_1_321' title='bbox 1083 3489 1216 3550; x_wconf 90' lang='lat' dir='ltr'><strong>turbatus</strong></span> 
     </span>
    </p>
   </div>
   <div class='ocr_carea' id='block_1_4' title="bbox 105 3573 1217 3918">
    <p class='ocr_par' dir='ltr' id='par_1_7' title="bbox 105 3573 1217 3918">
     <span class='ocr_line' id='line_1_39' title="bbox 105 3573 1217 3654; baseline -0.003 -18"><span class='ocrx_word' id='word_1_322' title='bbox 105 3574 245 3638; x_wconf 89' lang='lat' dir='ltr'><strong>substitit.</strong></span> <span class='ocrx_word' id='word_1_323' title='bbox 278 3574 381 3636; x_wconf 89' lang='lat' dir='ltr'><strong>deinde</strong></span> <span class='ocrx_word' id='word_1_324' title='bbox 397 3582 430 3635; x_wconf 93' lang='lat' dir='ltr'><strong>ut</strong></span> <span class='ocrx_word' id='word_1_325' title='bbox 443 3581 472 3634; x_wconf 92' lang='lat' dir='ltr'><strong>et</strong></span> <span class='ocrx_word' id='word_1_326' title='bbox 487 3591 595 3652; x_wconf 90' lang='lat' dir='ltr'><strong>corpus</strong></span> <span class='ocrx_word' id='word_1_327' title='bbox 611 3573 731 3635; x_wconf 86' lang='lat' dir='ltr'><strong>iacentis</strong></span> <span class='ocrx_word' id='word_1_328' title='bbox 748 3573 903 3654; x_wconf 89' lang='lat' dir='ltr'><strong>conspexit</strong></span> <span class='ocrx_word' id='word_1_329' title='bbox 917 3583 946 3635; x_wconf 93' lang='lat' dir='ltr'><strong>et</strong></span> <span class='ocrx_word' id='word_1_330' title='bbox 965 3575 1098 3638; x_wconf 90' lang='lat' dir='ltr'><strong>lacrimas</strong></span> <span class='ocrx_word' id='word_1_331' title='bbox 1116 3573 1217 3634; x_wconf 88' lang='lat' dir='ltr'><strong>consi·</strong></span> 
     </span>
     <span class='ocr_line' id='line_1_40' title="bbox 106 3657 1215 3740; baseline -0.005 -17"><span class='ocrx_word' id='word_1_332' title='bbox 106 3661 213 3723; x_wconf 80' lang='lat' dir='ltr'><strong>detavit</strong></span> <span class='ocrx_word' id='word_1_333' title='bbox 226 3659 390 3739; x_wconf 82' lang='lat' dir='ltr'><strong>faciemque</strong></span> <span class='ocrx_word' id='word_1_334' title='bbox 404 3659 552 3739; x_wconf 83' lang='lat' dir='ltr'><strong>unguibus</strong></span> <span class='ocrx_word' id='word_1_335' title='bbox 564 3667 684 3732; x_wconf 87' lang='lat' dir='ltr'><strong>sectam,</strong></span> <span class='ocrx_word' id='word_1_336' title='bbox 700 3666 780 3720; x_wconf 88' lang='lat' dir='ltr'><strong>ratus</strong></span> <span class='ocrx_word' id='word_1_337' title='bbox 795 3660 906 3721; x_wconf 89' lang='lat' dir='ltr'><strong>scilicet</strong></span> <span class='ocrx_word' id='word_1_338' title='bbox 920 3659 948 3721; x_wconf 92' lang='lat' dir='ltr'><strong>id</strong></span> <span class='ocrx_word' id='word_1_339' title='bbox 962 3661 1039 3740; x_wconf 90' lang='lat' dir='ltr'><strong>quod</strong></span> <span class='ocrx_word' id='word_1_340' title='bbox 1052 3665 1121 3730; x_wconf 80' lang='lat' dir='ltr'><strong>erat,</strong></span> <span class='ocrx_word' id='word_1_341' title='bbox 1136 3657 1215 3718; x_wconf 90' lang='lat' dir='ltr'><strong>desi-</strong></span> 
     </span>
     <span class='ocr_line' id='line_1_41' title="bbox 107 3744 1216 3824; baseline -0.003 -17"><span class='ocrx_word' id='word_1_342' title='bbox 107 3746 219 3808; x_wconf 89' lang='lat' dir='ltr'><strong>derium</strong></span> <span class='ocrx_word' id='word_1_343' title='bbox 240 3745 359 3807; x_wconf 88' lang='lat' dir='ltr'><strong>extincti</strong></span> <span class='ocrx_word' id='word_1_344' title='bbox 380 3763 440 3807; x_wconf 92' lang='lat' dir='ltr'><strong>non</strong></span> <span class='ocrx_word' id='word_1_345' title='bbox 461 3763 552 3824; x_wconf 91' lang='lat' dir='ltr'><strong>posse</strong></span> <span class='ocrx_word' id='word_1_346' title='bbox 570 3744 709 3805; x_wconf 88' lang='lat' dir='ltr'><strong>feminam</strong></span> <span class='ocrx_word' id='word_1_347' title='bbox 730 3745 805 3824; x_wconf 90' lang='lat' dir='ltr'><strong>pati,</strong></span> <span class='ocrx_word' id='word_1_348' title='bbox 828 3745 931 3807; x_wconf 92' lang='lat' dir='ltr'><strong>adtulit</strong></span> <span class='ocrx_word' id='word_1_349' title='bbox 945 3745 974 3806; x_wconf 94' lang='lat' dir='ltr'><strong>in</strong></span> <span class='ocrx_word' id='word_1_350' title='bbox 991 3750 1216 3806; x_wconf 89' lang='lat' dir='ltr'><strong>monumentum</strong></span> 
     </span>
     <span class='ocr_line' id='line_1_42' title="bbox 107 3827 1217 3918; baseline -0.002 -26"><span class='ocrx_word' id='word_1_351' title='bbox 107 3831 238 3894; x_wconf 87' lang='lat' dir='ltr'><strong>cenulam</strong></span> <span class='ocrx_word' id='word_1_352' title='bbox 260 3849 344 3918; x_wconf 79' lang='lat' dir='ltr'><strong>suam</strong></span> <span class='ocrx_word' id='word_1_353' title='bbox 365 3830 518 3911; x_wconf 88' lang='lat' dir='ltr'><strong>coepitque</strong></span> <span class='ocrx_word' id='word_1_354' title='bbox 538 3828 650 3891; x_wconf 91' lang='lat' dir='ltr'><strong>hortari</strong></span> <span class='ocrx_word' id='word_1_355' title='bbox 669 3830 830 3909; x_wconf 84' lang='lat' dir='ltr'><strong>lugentem,</strong></span> <span class='ocrx_word' id='word_1_356' title='bbox 851 3849 888 3891; x_wconf 91' lang='lat' dir='ltr'><strong>ne</strong></span> <span class='ocrx_word' id='word_1_357' title='bbox 903 3835 1101 3911; x_wconf 89' lang='lat' dir='ltr'><strong>perseveraret</strong></span> <span class='ocrx_word' id='word_1_358' title='bbox 1116 3827 1145 3890; x_wconf 94' lang='lat' dir='ltr'><strong>in</strong></span> <span class='ocrx_word' id='word_1_359' title='bbox 1160 3830 1217 3890; x_wconf 92' lang='lat' dir='ltr'><strong>do·</strong></span> 
     </span>
    </p>
   </div>
   <div class='ocr_carea' id='block_1_5' title="bbox 107 3914 1216 4066">
    <p class='ocr_par' dir='ltr' id='par_1_8' title="bbox 107 3914 1216 4066">
     <span class='ocr_line' id='line_1_43' title="bbox 107 3914 1216 3998; baseline 0 -22"><span class='ocrx_word' id='word_1_360' title='bbox 107 3916 169 3984; x_wconf 85' lang='lat' dir='ltr'><strong>lore</strong></span> <span class='ocrx_word' id='word_1_361' title='bbox 181 3934 362 3998; x_wconf 89' lang='lat' dir='ltr'><strong>supervacuo</strong></span> <span class='ocrx_word' id='word_1_362' title='bbox 374 3935 408 3978; x_wconf 87' lang='lat' dir='ltr'><strong>ac</strong></span> <span class='ocrx_word' id='word_1_363' title='bbox 419 3915 487 3978; x_wconf 93' lang='lat' dir='ltr'><strong>nibil</strong></span> <span class='ocrx_word' id='word_1_364' title='bbox 500 3914 655 3994; x_wconf 86' lang='lat' dir='ltr'><strong>profuturo</strong></span> <span class='ocrx_word' id='word_1_365' title='bbox 668 3916 779 3994; x_wconf 86' lang='lat' dir='ltr'><strong>gemitu</strong></span> <span class='ocrx_word' id='word_1_366' title='bbox 791 3922 893 3996; x_wconf 91' lang='lat' dir='ltr'><strong>pectus</strong></span> <span class='ocrx_word' id='word_1_367' title='bbox 905 3915 1066 3978; x_wconf 89' lang='lat' dir='ltr'><strong>diduceret:</strong></span> <span class='ocrx_word' id='word_1_368' title='bbox 1084 3915 1216 3976; x_wconf 89' lang='lat' dir='ltr'><strong>omnium</strong></span> 
     </span>
     <span class='ocr_line' id='line_1_44' title="bbox 161 4014 1018 4066; baseline -0.002 -7"><span class='ocrx_word' id='word_1_369' title='bbox 161 4014 261 4060; x_wconf 80' lang='lat' dir='ltr'><strong>Petronii</strong></span> <span class='ocrx_word' id='word_1_370' title='bbox 273 4014 353 4058; x_wconf 84' lang='lat' dir='ltr'><strong>satirae</strong></span> <span class='ocrx_word' id='word_1_371' title='bbox 948 4025 950 4030; x_wconf 88' lang='lat'>·</span> <span class='ocrx_word' id='word_1_372' title='bbox 1002 4017 1018 4066; x_wconf 82' lang='lat'>5</span> 
     </span>
    </p>
   </div>
   <div class='ocr_carea' id='block_1_6' title="bbox 0 0 1398 4344">
    <p class='ocr_par' dir='ltr' id='par_1_9' title="bbox 0 0 1398 4344">
     <span class='ocr_line' id='line_1_45' title="bbox 0 0 1398 4344; baseline 0 0"><span class='ocrx_word' id='word_1_373' title='bbox 0 0 1398 4344; x_wconf 95' lang='lat' dir='ltr'><strong> </strong></span> 
     </span>
    </p>
   </div>
  </div>
 </body>
</html>
