2728 4344
516 220 661 278 munau
1094 225 1141 291 *89

61 377 143 450 cion,
159 377 217 449 dux
232 375 578 454 acmqgiqterseeuitiae,
598 395 660 442 uon
676 378 815 442 dubitarit
830 397 898 444 orus
911 397 1012 447 meum
1028 389 1141 448 serrato

60 481 145 524 cenare
163 480 280 527 mersu.
312 461 421 526 oblitus
446 461 544 542 itaque
566 480 712 541 nugarum
738 463 843 544 pedem
864 465 1013 530 mensulae
1033 467 1141 532 aluisi

62 548 180 627 coepique
193 545 443 628 pugnacissimum
459 547 565 610 animal
579 556 688 610 armata
702 548 809 611 elidere
822 567 923 614 manu.
952 570 1007 614 nuc
1020 551 1141 618 satiatus

63 632 222 696 defunctorio
238 633 308 704 ictu,
320 639 418 694 niorto
430 651 480 694 me
494 632 606 696 anseris
621 634 776 696 vindicari:

234 717 309 780 tales
323 715 464 780 Herculea
478 716 694 797 Stymphalidas
710 726 769 782 arte
784 726 898 782 coactae

237 802 274 866 ad
286 800 401 864 caelum
414 801 527 882 fugisse
539 821 626 878 reor,
641 821 774 884 peneque
788 804 911 866 tluentes

235 886 395 970 Harpyias,
412 906 478 949 curn
493 888 605 950 Phineo
620 889 758 950 maduere
773 907 883 951 veneno

236 971 352 1036 fallaces
367 973 478 1052 epulae.
508 974 628 1036 tremuit
642 973 814 1053 perterritus
828 975 928 1038 aether

236 1059 403 1139 planetibus
419 1057 558 1134 insolitis,
573 1059 755 1140 confusaque
768 1059 848 1140 regie
864 1061 932 1126 caeli
1092 1078 1107 1127 5

581 1157 602 1198 ee

126 1229 178 1289 iam
196 1227 301 1308 reliqui
317 1229 477 1294 revolutum
492 1229 663 1310 passimque
677 1247 730 1310 per
743 1237 840 1292 totum
852 1231 975 1292 effusum
990 1230 1140 1310 pavimen-

64 1319 111 1372 tun
126 1313 295 1393 collegerant
313 1313 426 1389 leham,
451 1313 615 1394 orbatique,
634 1322 668 1378 ut
686 1315 839 1390 existimo,
854 1317 928 1378 duce
946 1316 1093 1377 redierant
1111 1315 1141 1377 in

63 1397 191 1475 tenplum,
211 1417 281 1460 eum
301 1417 355 1480 ego
370 1399 477 1478 praeda
492 1399 682 1480 simulatque
699 1402 771 1479 [hae]
788 1401 913 1468 vindicta
928 1401 1057 1479 gaudens
1073 1409 1142 1481 post

63 1479 146 1544 lectum
160 1485 291 1546 occisum
306 1501 440 1551 anserem
456 1483 541 1549 mitte
561 1485 725 1565 vulnusque
740 1486 834 1549 cruris
853 1486 930 1548 haud
950 1487 1039 1550 altum
1060 1495 1140 1548 aceto

65 1565 131 1628 diluo.
154 1569 256 1631 deinde
269 1570 428 1634 convitium
440 1587 545 1632 verens
554 1570 681 1634 abeundi
692 1572 815 1634 formari
828 1572 992 1645 consilium,
1006 1571 1141 1633 collecto-

67 1667 106 1728 que
116 1653 185 1724 cultu
197 1673 267 1721 meu
279 1655 328 1718 dre
342 1661 423 1719 extra
437 1673 535 1721 oasam
550 1657 645 1736 coepi.
670 1657 797 1720 nendum
809 1675 1013 1736 superaveram
1026 1657 1142 1719 cellulae

67 1733 141 1813 linea,
155 1758 218 1802 oum
234 1739 439 1804 animadverto
455 1740 634 1806 Oenotheam
651 1761 720 1804 eum
734 1748 813 1804 testo
828 1743 904 1821 ignis
920 1743 1006 1822 pleno
1022 1743 1142 1804 venien-

65 1827 114 1883 tem.
138 1825 234 1887 reduxi
250 1825 341 1904 igitur
355 1825 477 1905 graelum
492 1825 679 1908 proiectaque
692 1834 786 1900 reste,
806 1835 944 1907 tanquam
960 1834 1140 1908 expectarem

66 1917 214 1984 noenum,
233 1911 266 1974 in
287 1911 368 1977 aditu
390 1911 466 1976 steti.
496 1911 646 1977 collocarit
663 1913 710 1974 illa
729 1912 827 1992 ignem
843 1913 935 1976 cassis
950 1913 1141 1986 arundinibus

69 1991 198 2069 selectum,
211 1995 393 2077 ingestisque
408 2015 498 2078 super
511 1997 645 2076 pluribus
660 1997 746 2077 lignis
761 2017 899 2062 excusare
911 1999 1142 2080 semitonorum,

65 2079 124 2174 quod
140 2081 225 2147 amica
243 2101 280 2144 se
295 2099 357 2145 non
373 2082 532 2146 dimisisset
543 2082 603 2144 nisi
617 2083 711 2148 trihus
722 2082 898 2164 petionibus
913 2103 929 2144 e
944 2084 1005 2162 lege
1017 2083 1140 2154 siccatis.

77 2162 127 2238 quid
143 2184 227 2244 porro
247 2157 296 2230 tu'
315 2167 411 2248 inquit
426 2157 490 2231 ‘me
505 2167 625 2232 ahsente
639 2168 747 2242 iecisti,
761 2167 874 2232 autulii
889 2174 933 2229 est
945 2160 1046 2236 faho?
1076 2187 1140 2247 ego,
1203 2245 1205 2250 Ι

70 2245 104 2322 lli
114 2257 267 2328 putaueram
283 2270 409 2316 merem
425 2252 510 2315 laude
522 2254 611 2316 etiam
623 2253 740 2334 dignane
752 2253 866 2330 fecisse,
882 2253 984 2316 ordine
995 2253 1033 2315 illi
1044 2261 1140 2316 totum

68 2333 181 2406 proelium
199 2337 336 2418 exposui,
355 2345 385 2400 et
401 2355 440 2399 ne
454 2337 562 2400 diutius
576 2339 669 2402 tristis
685 2346 778 2414 esset,
798 2337 924 2400 iacturae
935 2339 1141 2418 »pausationem

71 2431 172 2481 anserem
191 2422 294 2484 ohtuli.
324 2441 410 2503 quem
433 2443 506 2485 arius
527 2431 559 2484 ut
576 2424 660 2496 cidit,
683 2431 745 2486 tarn
765 2441 904 2502 magnum
925 2442 1016 2504 aeque
1031 2424 1142 2485 clarno-

74 2514 119 2591 lsm
130 2507 244 2582 ontulit,
262 2514 302 2570 ort
320 2516 440 2588 putares
458 2499 706 2580 iteum¹ensocoe
725 2509 814 2575 limen
835 2510 969 2572 intrasse.
1000 2509 1142 2572 confusus

70 2589 142 2664 ltaque
152 2599 176 2652 et
187 2592 316 2656 nouitate
329 2593 468 2658 iacimris
484 2595 625 2658 attonitus
641 2594 826 2676 quaerebam,
843 2593 911 2674 quid
927 2595 1141 2670 excanduisset,

70 2677 106 2730 aut
120 2691 194 2752 quare
212 2679 327 2750 anseris
387 2679 446 2740 tius
468 2697 555 2783 quam
574 2681 632 2742 mei
651 2680 847 2756 misereretur.
876 2687 906 2752 at
918 2681 965 2742 illa
981 2681 1141 2760 complosis
1153 2679 1211 2742 137

71 2751 340 2825 nauibus‘seelerate
367 2763 462 2844 inquit
489 2765 575 2827 etiam
595 2762 748 2845 loquoris?
776 2765 873 2829 nescis
893 2784 980 2846 quam
1000 2785 1141 2846 magnum

70 2835 178 2916 flagitium
192 2846 357 2910 admiseris:
374 2849 504 2912 occidisti
519 2851 617 2930 Priapi
633 2850 760 2923 delicias,
775 2868 909 2912 anserem
925 2850 1064 2934 omnibus
1078 2871 1142 2913 ma·

69 2925 139 2987 tonis
150 2933 388 3012 acceptissimum.
418 2934 515 3014 itaque
529 2953 566 2997 ne
581 2942 610 2996 te
624 2942 711 3016 putes
726 2935 800 2996 nihil
815 2937 926 3014 egisse,
946 2936 971 2997 si
984 2936 1143 3014 magistra-

68 3011 103 3068 tus
123 3011 171 3075 hoo
193 3017 324 3090 scierint,
350 3019 407 3080 ihis
432 3021 462 3080 in
488 3038 614 3082 crucem.
650 3020 781 3101 polluisti
799 3021 940 3100 sanguine
960 3020 1141 3081 domicilium

68 3106 144 3190 neum
157 3107 217 3162 ante
229 3103 309 3166 hune
323 3104 400 3166 diem
416 3104 594 3182 inviolatum,
608 3105 762 3186 fecistique
776 3112 880 3181 utme,
895 3105 1028 3186 quisquis
1040 3104 1140 3167 volue-

67 3183 97 3237 ut
107 3181 236 3262 inimicus,
252 3189 418 3252 sacerdotio
431 3181 532 3270 pellat'

578 3290 598 3333 a

69 3341 361 3504 meluffss‘alliflquam
377 3352 456 3426 ‘noli
476 3355 614 3422 clamare:
636 3379 690 3440 ego
710 3361 763 3423 tihi
781 3378 837 3442 pro
853 3377 959 3424 ansere
974 3361 1140 3424 struthoea.

167 3455 197 3500 re
235 3461 281 3506 am

578 3545 598 3589 s

145 3605 207 3670 dum
220 3611 290 3676 haec
303 3633 352 3676 me
367 3621 502 3694 stupente
515 3615 546 3678 in
560 3613 665 3678 lectulo
678 3615 761 3678 sedet
771 3615 941 3697 anserisque
951 3615 1044 3677 iatum
1057 3633 1140 3677 com·

69 3682 152 3764 l¹⁰l³l
165 3692 273 3769 inierim
285 3700 463 3776 Proselenos
478 3719 545 3764 eum
561 3701 697 3781 impensa
707 3702 842 3764 sacrificii
851 3702 940 3776 venit,
955 3701 1076 3779 visoque
1087 3719 1140 3762 an-

71 3779 230 3870 sere'ocoiso
253 3785 394 3851 sciscitata
407 3805 548 3849 caussam
568 3786 701 3850 tristitiae
723 3787 832 3867 etipsa
850 3787 920 3858 llere
939 3785 1140 3850 vehementius

73 3866 150 3934 ⁰⁰0l¹l
161 3865 267 3946 meique
281 3870 420 3946 misereri,
434 3878 574 3950 tanquam
589 3879 701 3952 patrem
717 3890 830 3944 meum,
847 3889 908 3932 non
923 3869 1072 3950 publicum
1088 3889 1142 3934 an·
