2728 4344
663 201 812 256 csnnldn
865 190 868 198 ’

390 367 420 422 at
436 367 468 421 tu
483 358 586 420 sacred
602 365 756 420 contentus
772 357 897 437 imagine
912 359 994 439 pomi

433 445 479 507 fac
492 462 577 506 veros
592 445 706 506 fructus
723 444 783 518 ille,
798 444 916 525 Priape,
933 445 1015 507 ferat.

582 673 591 679 .
667 614 814 675 XXXXlll

387 714 482 776 Nolite
498 713 610 786 omnia,
627 732 700 792 quac
714 714 832 791 loquor,
849 720 952 791 putare

387 818 442 880 per
455 798 554 859 lusum
571 798 642 858 milri
654 815 706 876 per
720 799 876 876 iocumque
890 798 956 858 dici.

390 885 553 963 deprensos
569 901 622 960 ego
637 890 683 943 ter
698 891 856 962 quaterque
870 883 951 944 fures

389 988 508 1043 omnes,
523 986 561 1029 ne
577 967 727 1038 dubitetis,
744 967 903 1029 irrumalm.

663 1137 819 1198 XXXXllll

392 1239 468 1302 Velle
483 1239 551 1319 quid
568 1239 646 1300 hano
661 1240 754 1313 dicas,
770 1240 901 1318 quamvis
917 1240 973 1300 sim
989 1239 1118 1319 lignem,
1134 1243 1270 1320 hastam,

432 1325 530 1426 oscula
546 1325 594 1386 dat
608 1324 706 1385 medlo
723 1325 747 1385 si
764 1343 819 1422 qua
835 1325 933 1428 pqella¹
944 1324 1057 1423 mihil·
1143 1412 1149 1425 ι
1174 1413 1180 1424 .

389 1403 966 1557 translaturum‘dudd'
982 1412 1104 1487 “ml
1122 1412 1197 1473 ‘¹¹¹¹‘

681 1664 813 1725 XXXXV

392 1768 463 1830 Cum
481 1768 627 1848 quendam
643 1767 754 1845 rigidus
771 1767 843 1828 deus
859 1767 969 1829 rideret

392 1854 513 1916 ferventi
531 1860 617 1932 ceput
631 1853 760 1913 ustulare
774 1853 869 1924 ferro,

391 1947 424 2001 ut
437 1940 553 2001 Maurae
569 1939 670 1999 similis
685 1938 764 1998 loret
779 1937 905 2016 puellae,

388 2015 491 2086 ‘heus’
507 2024 601 2104 inquit
611 2017 680 2084 ‘tibi
696 2023 835 2096 dicimus,
851 2022 982 2095 cinaede,

332 2181 341 2190 ,
393 2129 460 2173 uras
475 2119 504 2171 te
519 2110 585 2171 licet
598 2128 693 2188 usque
710 2116 921 2188 torquemque,

391 2214 462 2257 num
478 2196 596 2256 tandem
612 2195 694 2274 prior
710 2201 755 2256 est
768 2194 876 2273 puella,
894 2212 1017 2273 quaeso,

393 2299 480 2359 qoam
496 2288 580 2354 sunt,
595 2279 726 2340 mentula
743 2297 818 2358 quos
835 2279 934 2355 habet,
951 2267 1079 2357 capillii’

671 2449 816 2510 XXXXVI

392 2553 415 2614 0
432 2569 492 2613 non
508 2551 659 2613 candidior
674 2552 767 2631 puella
783 2553 898 2625 Mauro,

392 2638 443 2698 sed
459 2635 629 2697 morbosior
645 2637 783 2699 omnibus
801 2638 943 2709 cinaedis,

392 2722 535 2801 Pygmaeo
553 2720 668 2782 brevior
684 2740 785 2801 gruem
802 2722 930 2796 timenti,

392 2807 469 2867 ursis
486 2807 619 2886 asperior
633 2807 828 2887 pilosiorque,

392 2891 482 2952 lledis
498 2892 590 2954 laxior
605 2893 771 2971 lndicisque
786 2893 911 2966 braccis,

391 2995 492 3038 manes
507 2977 555 3038 hic
569 2978 636 3038 licet
646 2985 679 3039 ut
693 2978 819 3040 libenter
834 2978 908 3039 ires:

390 3081 458 3123 nam
475 3064 606 3140 quamvis
622 3063 717 3124 videar
733 3064 803 3124 satis
819 3071 952 3142 paratus,

392 3166 545 3209 erucarum
563 3166 637 3226 opus
654 3157 699 3209 est
713 3147 813 3209 decem
830 3148 985 3228 manipliS,

391 3231 488 3292 fossas
504 3232 630 3310 inguinis
647 3241 679 3294 ut
693 3242 785 3295 teram
804 3233 959 3314 dolemque

395 3317 479 3376 cunni
493 3317 665 3379 vermiculos
680 3318 893 3382 scaturrientis.

668 3500 828 3564 XXXXVll

393 3601 566 3681 Quicunque
580 3608 725 3677 restrum,
742 3605 791 3687 qui
807 3604 909 3666 venitis
925 3605 960 3665 ad
977 3623 1094 3678 cenam,

391 3686 481 3747 libare
495 3686 591 3749 nullos
607 3687 734 3748 sustinet
748 3687 818 3749 mihi
834 3707 949 3761 versum,

393 3771 470 3833 illius
485 3789 559 3834 uxor
575 3777 624 3832 aut
639 3771 731 3835 amica
746 3773 863 3836 rivalem

393 3856 570 3924 lasciviendo
585 3854 767 3932 languidum,
782 3875 901 3936 precor,
915 3857 1031 3930 reddet,
