2762 4344
550 275 696 332 sarman
1133 281 1170 344 31

62 435 112 516 qni
130 432 186 496 tibi
206 449 271 496 non
291 433 424 513 imperat
453 433 495 495 ita
514 439 598 496 satur
616 443 692 514 pane
706 433 791 506 fiam,
804 440 838 495 ut
852 452 905 514 ego
920 433 998 496 istud
1014 433 1173 498 ιιιιιιιιιιιο

64 539 130 580 meo
156 519 256 592 dono3
279 518 407 598 alioquin
427 517 487 580 iam
506 517 558 580 tibi
577 519 843 598 depraesentiarum
861 519 1066 582 reddidissem.
1102 520 1174 582 bene

64 623 122 667 nos
134 605 298 679 babemus,
318 611 347 664 at
364 604 430 666 istic
448 606 520 683 euge
539 603 589 684 quai
608 604 660 666 libi
674 621 735 666 non
750 603 883 682 imperat
913 605 998 685 plane
1013 605 1105 686 qualis
1120 607 1174 666 dc-

66 690 175 764 minns,
188 691 258 752 talis
274 697 304 750 et
317 704 427 752 cerrus.
457 690 503 750 ιιιι
515 707 562 752 me
576 696 670 762 teneo,
686 709 742 750 nec
753 707 819 752 sum
831 696 934 752 natura
946 691 1177 765 caldicerebrius,

66 787 105 838 set
119 795 186 838 cum
203 775 304 854 coepi,
320 783 443 836 matrem
459 793 555 836 meam
570 776 713 855 dupundii
728 793 789 836 non
803 775 889 838 facio.
918 781 1010 850 recte,
1028 776 1133 838 uidebo
1148 784 1177 838 te

65 862 95 924 in
109 861 277 942 publicum,
298 879 379 934 mm,
398 860 491 920 immo
511 867 604 922 terrm
622 861 723 934 tuber,
740 878 796 923 nec
814 879 933 922 sursum
952 879 1008 922 nec
1026 862 1176 924 deorsum.

64 965 127 1008 non
149 965 267 1019 cresco,
286 945 345 1006 nisi
365 945 519 1006 dominum
539 952 623 1006 tuum
643 944 673 1006 in
694 953 776 1008 rutae
795 946 898 1008 folium
917 949 995 1024 [non]
1012 947 1178 1020 coniecerc,
1263 994 1265 1000 s

66 1049 123 1094 nec
141 1032 194 1092 tibi
217 1049 356 1111 persero,
382 1030 449 1092 licet
467 1031 646 1093 mehercules
666 1032 764 1093 lorern
785 1031 953 1112 Olympium
973 1032 1088 1094 clames.
1125 1052 1177 1095 cu-

69 1117 158 1191 rabo,
173 1117 260 1196 longe
278 1116 331 1177 tibi
351 1115 389 1178 sit
408 1115 524 1178 comula
543 1116 598 1178 ista
612 1117 734 1178 bessalis
750 1124 779 1178 et
792 1117 929 1179 dominus
945 1117 1176 1196 dupunduarius.

68 1209 160 1276 recte,
179 1202 279 1263 venies
295 1201 350 1264 sub
366 1202 498 1276 deutem3
515 1209 565 1263 ant
579 1221 632 1281 ego
648 1220 710 1264 non
725 1203 869 1277 menori,
884 1211 1009 1265 autnon
1025 1203 1178 1276 deridebis,

65 1288 133 1350 licet
146 1288 270 1350 barbam
285 1303 402 1348 auream
419 1285 538 1348 habeas.
567 1288 679 1349 Athana
693 1287 745 1348 tihi
760 1288 833 1350 irata
848 1289 894 1362 sit,
910 1288 1029 1362 curabo,
1045 1297 1074 1350 et
1088 1288 1177 1368 quite

65 1376 183 1454 primns
198 1373 292 1434 denro
308 1372 420 1434 defecit.
450 1389 512 1434 nun
527 1371 613 1434 didici
628 1373 818 1452 geometrico,
835 1372 932 1436 critica
947 1382 975 1436 et
990 1374 1098 1452 alogias
1113 1393 1178 1436 me-

66 1459 143 1532 nies,
156 1459 209 1520 sed
223 1457 379 1538 lapidarias
394 1457 505 1520 litteras
521 1458 592 1531 scio,
608 1466 706 1538 partes
722 1465 839 1520 centum
855 1460 921 1520 dico
932 1460 968 1521 ad
980 1479 1038 1534 aes,
1053 1461 1091 1522 ad
1101 1478 1178 1558 pon-

70 1546 140 1617 dus,
158 1545 193 1606 ad
214 1561 381 1605 nummum.
411 1543 447 1605 ad
466 1561 628 1616 summam,
649 1563 674 1605 ιι
666 1543 799 1625 ''quid
774 1563 831 1614 ns,
848 1562 901 1623 ego
919 1554 948 1606 et
962 1553 994 1608 tu
1015 1544 1179 1625 sponsiun-

71 1628 507 1702 udam:exi,dclerule1nnam.
536 1628 806 1728 iamsclespatrern
822 1638 905 1693 tuum
918 1633 1067 1694 mercedes
1079 1631 1179 1730 perdi·

69 1716 155 1778 disse.
186 1714 324 1795 quamvis
339 1713 557 1776 etrhetoricam
572 1715 644 1778 scic.
673 1733 739 1778 ecce
755 1708 969 1794 quideschis‘
971 1708 1178 1798 ‘longavcnio

65 1803 120 1864 late
141 1801 239 1863 venio.
270 1800 350 1860 solve
369 1818 425 1860 nre.
435 1790 566 1862 dicam
586 1799 653 1876 tibi,
674 1801 731 1898 qui·
742 1801 778 1862 de
797 1801 884 1863 nobis
906 1803 1044 1866 curritet
1031 1804 1098 1864 ιιι
1112 1803 1178 1864 loco

64 1905 126 1949 nen
141 1893 296 1960 mouetur3
312 1884 413 1964 quade
427 1884 515 1946 nobis
531 1888 635 1946 crescit
648 1894 678 1947 et
692 1887 791 1948 minor
805 1888 845 1947 nt.
877 1888 985 1960 curris,
1001 1895 1114 1968 stupes,
1130 1907 1178 1949 sa

66 1974 156 2051 tagis,
177 1979 321 2052 tanquam
341 1989 408 2031 mus
428 1970 458 2031 in
478 1971 602 2031 matella.
637 1990 705 2050 ergo
727 1979 776 2034 aut
796 1980 859 2034 tace
879 1980 929 2034 aut
946 1973 1099 2036 meliorem
1118 1973 1179 2036 noli

69 2059 234 2129 mohstars,
252 2055 303 2135 quei
316 2062 460 2118 leuatum
475 2073 536 2116 non
547 2063 645 2134 putat3
660 2056 717 2118 nisi
730 2057 756 2117 si
767 2077 816 2118 me
827 2057 938 2118 iudicas
950 2060 1054 2120 anulos
1066 2059 1178 2121 buxeos

73 2157 182 2216 curare,
195 2161 273 2221 quos
290 2142 398 2202 amicae
413 2148 480 2204 tuae
495 2140 638 2202 involasti.
669 2141 857 2222 Occuponem
874 2143 1043 2220 propitium.
1078 2161 1178 2204 eamus

73 2228 102 2288 in
121 2227 217 2288 lorum
240 2233 271 2288 et
288 2226 426 2304 pecunias
444 2234 620 2288 mutuemur.
651 2226 710 2288 iam
732 2225 807 2288 scies
826 2227 884 2288 hoc
897 2227 1008 2289 ferrum
1023 2227 1111 2289 fidem
1126 2228 1179 2288 ha-

70 2312 148 2376 bere.
178 2313 249 2386 rab,
268 2311 342 2374 bellu
361 2327 410 2374 res
429 2318 476 2372 cst
493 2308 589 2390 volpis
608 2310 675 2372 uda.
704 2311 743 2373 ita
762 2312 875 2373 lucrum
890 2311 995 2374 faciam
1011 2320 1040 2374 et
1053 2313 1092 2374 ita
1106 2312 1180 2374 bene

67 2397 179 2460 moriar
200 2405 252 2458 aut
270 2397 399 2476 pupulus
417 2415 471 2476 per
490 2396 600 2458 snitum
619 2415 718 2474 meum
737 2397 827 2470 iuret,
853 2397 912 2458 nisi
930 2404 960 2458 te
986 2398 1092 2478 ubique
1111 2405 1180 2477 toga

68 2502 207 2564 perrerm
228 2482 314 2544 luere
329 2488 510 2580 persecutns.
540 2481 613 2542 bella
627 2499 719 2544 res..
754 2490 831 2545 ..et
846 2483 901 2546 iste
921 2483 971 2562 qui
990 2491 1019 2546 te
1038 2485 1110 2546 haec
1124 2483 1180 2545 do-

70 2578 121 2644 cet,
136 2567 278 2640 multius,
295 2585 357 2628 non
372 2566 520 2646 magister.
546 2567 716 2643 didicimus,
731 2527 931 2632 dicebatcnim
942 2561 1098 2666 magister‘
1100 2560 1181 2631 ‘sunt

68 2663 164 2717 vestm
178 2654 267 2714 salua.
290 2653 520 2724 recludamum3
535 2671 602 2714 cave
604 2652 857 2734 ,circumspiciam
873 2673 950 2727 cave,
962 2655 1104 2717 maiorem
1116 2673 1180 2716 ma·

67 2741 186 2802 ledicas.
216 2745 267 2800 aut
286 2751 407 2802 numera
427 2737 563 2816 mapalia:
583 2757 671 2800 nemo
692 2739 836 2818 dupondii
851 2730 980 2802 evadet?
1009 2759 1079 2820 ego,
1100 2740 1179 2820 quod

72 2825 172 2886 mesic
186 2823 278 2896 uides,
293 2830 416 2904 propter
430 2823 585 2884 artificium
600 2841 699 2886 meum
714 2824 768 2886 diis
783 2825 890 2904 gratias
905 2817 979 2904 ago.³

156 2916 296 2988 coeperat
309 2909 442 2988 Ascyltos
457 2908 637 3012 respondere
652 2908 787 2982 convitio,
804 2911 855 2970 sed
868 2910 1044 2971 Trimalchio
1056 2910 1179 2970 delecta·
1195 2912 1234 2975 59

73 3003 118 3056 tus
133 2995 279 3056 colliberti
292 2984 478 3074 eloquentia
480 2985 565 3073 agite'
581 2993 676 3072 inquit
663 2957 854 3056 tscordalias
870 2994 1024 3056 demedio.
1054 2993 1181 3056 suaviter

70 3080 108 3142 sit
122 3081 236 3160 potius,
253 3086 281 3140 ct
295 3087 334 3154 tu,
350 3078 520 3156 Hermeros,
536 3097 621 3158 parce
633 3078 860 3141 adulescentulo
885 3096 1015 3177 sanguen
1030 3079 1070 3140 rll1
1081 3080 1181 3154 feruet

68 3173 100 3227 tu
116 3165 226 3226 melior
241 3171 314 3226 esto
359 3182 476 3244 semper
495 3165 525 3226 in
545 3165 600 3227 bac
618 3163 714 3243 requi
729 3163 867 3236 vinciturr,
883 3163 978 3228 vincit.
1023 3172 1099 3228 cttu
1114 3183 1180 3228 cum

69 3269 157 3313 esses
175 3269 267 3330 capo,
287 3263 450 3322 cocoeoeo,
471 3257 559 3328 atque
574 3269 626 3312 eor
640 3268 700 3312 non
716 3249 853 3312 habebas.
885 3249 979 3314 simus
995 3269 1081 3354 ergo,
1101 3253 1181 3332 quod

68 3337 177 3398 melius
199 3341 256 3408 est,
277 3355 291 3396 a
311 3334 448 3414 pnmrtns
467 3334 572 3398 hilares
594 3343 625 3397 et
641 3335 823 3399 Homeristas
843 3329 1029 3416 spectemus.
1065 3337 1183 3402 intrauit

68 3421 158 3484 lectio
176 3419 277 3482 statim
290 3421 442 3500 hastisque
458 3428 540 3484 scuta
554 3420 747 3502 concrepuit.
756 3421 819 3500 ipse
832 3421 1028 3486 Trimalchio
1020 3440 1051 3486 ιιι
1062 3424 1181 3504 pulvino

70 3505 210 3568 consedit
224 3512 253 3566 et
267 3525 333 3568 cum
349 3504 531 3570 Homeristae
546 3506 665 3570 Graecis
680 3507 813 3570 versibus
829 3507 1073 3590 colloquerentur,
1089 3518 1121 3572 ιιι
1135 3509 1182 3571 in-

70 3592 204 3653 solenter
218 3591 326 3662 solent,
339 3591 384 3654 ille
391 3609 505 3694 (canora
520 3611 591 3654 uoce
605 3593 705 3656 Latine
719 3593 831 3672 legebat
840 3593 956 3658 librum.
985 3614 1055 3658 mou
1067 3593 1180 3657 silentio

71 3667 174 3738 lactn‘
177 3667 272 3738 scitis'
286 3667 401 3756 inquit
404 3695 492 3757 qnam
506 3678 631 3740 fabulam
647 3676 756 3758 agant?
785 3679 941 3744 Diomedes
956 3688 985 3742 et
1000 3677 1180 3760 Ganymedes

72 3763 134 3823 dure
154 3761 261 3824 iratres
280 3761 409 3826 ιιιιιιιιιι
439 3762 549 3826 horum
563 3781 651 3826 soror
665 3771 727 3828 erat
741 3764 858 3828 Helena.
888 3767 1089 3864 Agamemnon
1103 3761 1181 3826 illam

72 3846 172 3926 rapuit
186 3854 215 3908 et
228 3846 337 3910 Dianae
349 3863 463 3910 cervam
478 3847 609 3912 subiecit.
638 3850 678 3914 ita
692 3867 774 3914 nunc
787 3849 933 3912 Homeros
949 3847 1025 3922 dicit,
1040 3847 1181 3927 ‹premed-

75 3932 200 3996 modum
216 3932 292 3996 inter
307 3952 338 3996 se
353 3941 483 4014 pugnent
498 3931 616 4000 Troiam
633 3943 662 3998 et
677 3933 836 3999 Ferentini.
859 3933 925 3998 uicit
940 3929 1048 3998 scillcet
1061 3937 1091 3996 st
1101 3931 1182 4016 lphi-
