2728 4344
695 255 844 312 cunutus
879 253 883 262 '

417 409 467 489 qui
481 415 562 472 tanto
577 416 657 490 patet
666 410 806 474 indecens
821 411 915 485 hiatu,

417 494 538 557 barbato
553 513 651 558 macer
665 496 812 558 emiuente
826 515 916 572 naso,

354 595 386 647 15
421 588 453 642 ut
466 581 567 644 credas
578 581 728 661 Epicuron
743 573 880 644 oscitari.³

732 768 797 830 XIII

416 847 586 932 praecidere
600 889 689 950 pucr,
704 888 827 932 moneo:
843 856 957 932 brtuerc'
970 872 1079 950 puella:

458 954 610 1017 barbatum
624 955 719 1017 furem
734 956 817 1017 tertia
832 975 927 1036 poena
941 965 1047 1019 manet:

731 1143 812 1204 XIIII

416 1243 481 1305 IIuo
495 1243 566 1317 huo,
582 1243 714 1326 quisquis
730 1264 776 1319 es,
791 1245 821 1305 in
836 1243 881 1305 dei
897 1245 999 1307 salacis

416 1329 523 1391 deverti
537 1348 622 1409 grave
636 1347 675 1390 ne
688 1336 759 1407 puta
775 1330 921 1393 sacellum.

416 1421 445 1475 et
459 1415 484 1476 si
499 1421 586 1476 nocte
599 1414 654 1476 luit
668 1414 763 1494 puella
778 1423 888 1489 tecum,

414 1499 471 1561 bao
485 1518 517 1560 re
532 1499 610 1578 quod
626 1507 739 1580 metuas
756 1499 848 1573 adire,
862 1516 923 1560 non
939 1507 992 1561 est.

367 1599 382 1648 5
417 1584 493 1646 istuc
508 1584 656 1646 caelitibus
672 1584 893 1646 datursereris:

414 1686 471 1730 nos
486 1688 598 1749 vappae
613 1685 716 1730 sumus
732 1677 760 1730 et
774 1670 878 1748 pusilla
895 1669 962 1730 culti

395 1762 399 1766 ’
414 1753 492 1815 ruris
506 1754 642 1825 numina,
657 1772 714 1814 nos
727 1755 840 1833 pudore
855 1755 941 1833 pulso

416 1846 528 1900 stamus
544 1839 599 1900 sub
615 1839 682 1900 love
698 1839 787 1900 coleis
803 1839 919 1918 apertis.

415 1942 485 2002 ergo
501 1923 620 2003 quilibet
633 1923 692 1984 huc
705 1923 801 1985 licebit
815 1924 905 1984 Intret

350 2021 382 2073 to
415 2008 498 2088 nigra
511 2008 633 2071 fornicis
649 2008 755 2072 oblitus
769 2008 871 2071 favilla.

729 2197 779 2259 XV

416 2298 582 2360 Commisso
599 2298 670 2361 mibi
684 2298 831 2360 nonsatis
848 2297 998 2358 modestas

414 2384 578 2465 quicunque
593 2384 719 2446 attulerit
734 2401 840 2446 manus
857 2381 965 2460 agello,

414 2467 439 2529 is
455 2487 502 2530 me
519 2471 625 2531 sentiet
639 2487 704 2531 esse
719 2487 779 2530 non
796 2466 968 2546 spadonem.

414 2553 491 2614 dicat
504 2554 628 2615 forsitan
644 2555 716 2616 haec
730 2554 786 2614 sibi
802 2554 882 2631 ipse:
894 2543 973 2612 ‘nen

364 2654 379 2703 5
413 2637 461 2699 hic
475 2639 550 2699 inter
563 2639 683 2700 frutices
697 2639 763 2699 loeo
780 2643 895 2697 remoto

411 2723 577 2802 praecisum
594 2724 668 2785 sciet
681 2741 746 2784 esse
758 2712 830 2793 me'‚
848 2719 899 2780 sed
915 2739 954 2780 err

412 2807 526 2886 magnis
541 2809 665 2871 testibus
680 2809 737 2870 ista
752 2825 802 2868 res
819 2811 929 2882 agetur.

727 2992 793 3054 XVI

413 3091 554 3166 Qualibus
570 3092 778 3174 Hippomenes
794 3087 891 3167 rapuit
906 3087 925 3148 S

454 3177 587 3257 qualibus
600 3177 801 3257 Hesperidum
817 3172 907 3233 nobili

299 3326 304 3334 .
410 3263 502 3342 qualia
518 3263 654 3325 credibile
670 3268 717 3323 est
732 3257 908 3338 spatiantem

452 3347 624 3411 Nausicaam
640 3349 730 3428 pleno
747 3360 837 3420 saepe
851 3343 901 3401 tul'

361 3449 376 3499 o
412 3433 496 3512 quale
511 3434 565 3496 fuit
578 3433 690 3496 malurn
708 3427 790 3509 quod
807 3426 891 3486 litter:

452 3537 507 3596 qua
521 3517 593 3582 lecta
609 3516 721 3599 cupido
738 3517 824 3592 pecta
839 3529 885 3589 pur

410 3600 475 3663 talia
490 3621 569 3665 nune
583 3619 700 3683 pauper
717 3594 857 3659 dominns
875 3599 878 3613 ¹

452 3685 594 3768 imposuit
608 3703 751 3755 mensae,
768 3679 846 3740 nude
863 3681 870 3711 ¹
