2762 4344
204 305 244 368 60
677 301 833 354 rnrnonn

288 476 349 522 non
365 465 410 520 est
425 457 511 520 dilata
525 457 644 531 fallacia,
661 457 713 519 sed
729 456 764 518 ad
779 456 857 518 latus
873 456 976 535 navigii
991 456 1093 518 furtim
1106 457 1319 537 processimus

204 545 356 624 capitaque
371 563 437 606 cum
454 543 619 623 superciliis
635 541 807 604 denudanda
822 543 937 604 tonsori
953 542 1150 621 praebuimus.
1182 543 1321 622 implevit

203 631 365 709 Eumolpus
377 629 492 712 trontes
507 629 659 708 utriusque
670 628 836 707 ingentibus
848 629 952 690 litteris
965 637 994 689 et
1005 636 1108 689 notum
1120 628 1318 707 fugitivorum

203 716 381 795 epigramma
400 733 453 795 per
471 722 564 776 totam
584 714 689 784 faciem
709 712 817 774 liberali
836 733 926 776 manu
946 714 1035 776 duxit.
1070 733 1147 775 unus
1173 714 1255 776 forte
1284 735 1320 776 ex

115 867 118 874 ,
204 801 384 875 vectoribus,
406 800 454 881 qui
475 801 631 862 acclinatus
650 798 733 860 lateri
748 799 829 860 naris
845 799 1020 860 exonerabat
1034 800 1223 861 stomachum
1240 818 1319 864 nau-

205 906 253 948 sea
268 905 394 965 gravem,
410 886 521 948 notavit
535 885 591 946 sibi
603 885 638 946 ad
650 885 748 946 lunam
761 892 912 946 tonsorem
929 885 1135 964 intempestivo
1145 885 1319 949 inhaeren-

204 980 261 1033 tem
278 972 456 1045 ministerio,
477 977 684 1050 execratusque
699 988 801 1042 omen,
823 970 901 1049 quod
921 970 1082 1032 imitaretur
1101 971 1317 1050 naufragorum

203 1057 339 1120 ultimum
350 1065 466 1129 votum,
488 1056 518 1116 in
534 1056 626 1117 cubile
639 1056 764 1117 reiectus
780 1063 833 1118 est.
863 1074 919 1116 nos
940 1055 1121 1118 dissimulata
1141 1059 1318 1120 nauseantis

204 1143 358 1204 devotione
377 1143 413 1204 ad
430 1141 564 1203 ordinem
578 1141 711 1204 tristitiae
726 1141 872 1214 redimuS,
893 1141 1067 1222 silentioque
1087 1143 1251 1222 compositi
1270 1162 1320 1205 re-

202 1229 299 1309 liquas
315 1228 411 1290 noctis
425 1228 515 1290 horas
530 1226 605 1288 male
621 1227 753 1307 soporati
769 1227 1008 1307 consumpsimus

743 1324 763 1363 aa

137 1401 196 1463 104
286 1389 419 1460 ‘videbat
406 1406 454 1459 tur
478 1397 550 1459 mihi
571 1398 732 1461 secundum
752 1398 877 1498 quietem
898 1398 1022 1478 Priapus
1043 1389 1185 1460 dicere:‘
1186 1391 1319 1462 ‘Encol-

204 1485 276 1564 pion
296 1485 375 1563 quod
397 1483 526 1563 quaeris,
553 1485 626 1548 scito
646 1504 662 1545 ι
683 1504 730 1545 me
751 1485 780 1546 in
800 1503 903 1546 navem
922 1492 1003 1545 tuam
1024 1503 1089 1544 esse
1108 1480 1320 1564 perductum?J

204 1571 355 1631 exhorruit
370 1569 591 1649 Tryphaenaet
607 1561 722 1666 ‘putes
737 1560 916 1649 inquit‘una
936 1570 1181 1644 nosdormiisse3
1201 1581 1319 1634 namet

137 1664 138 1671 ’
203 1655 276 1716 mihi
293 1655 482 1716 simulacrum
476 1653 575 1756 Nep
576 1655 641 1725 uni,
664 1654 743 1732 quod
760 1655 867 1716 Baiis
855 1675 886 1716 ιιι
902 1655 1064 1760 tetrastqlo
1069 1663 1259 1730 notaveram,
1275 1659 1319 1719 ri-

205 1741 292 1802 deba
279 1747 328 1801 ur
342 1731 485 1801 dicere
492 1739 522 1799 in
538 1757 611 1800 nave
626 1740 730 1801 Lichae
746 1741 878 1801 Gitona
871 1759 1009 1802 invenies.
1055 1731 1140 1804 ‘hinc
1160 1735 1251 1803 scies'
1272 1743 1319 1804 in-

205 1825 267 1906 quit
280 1825 444 1904 Eumolpus
456 1817 627 1922 ‘Epicurum
642 1843 708 1886 esse
722 1825 873 1888 hominem
886 1827 1025 1900 divinum,
1041 1827 1091 1906 qui
1106 1828 1255 1890 eiusmodi
1271 1829 1319 1891 lu-

205 1911 297 1973 dibria
312 1911 488 1973 facetissima
503 1910 617 1972 ratione
632 1902 820 1972 condemnat'

290 2088 419 2144 ceterum
433 2081 537 2144 Lichas
553 2088 586 2143 ut
601 2082 790 2162 Tryphaenae
806 2083 953 2144 somnium
970 2075 1121 2162 expiavit‘
1129 2076 1208 2164 quis'
1220 2086 1319 2165 inquit

201 2159 352 2248 ‘prohibet
370 2167 521 2272 navigium
549 2169 686 2242 scrutari,
712 2186 749 2230 ne
775 2169 924 2230 videamur
949 2168 1060 2230 divinae
1085 2171 1194 2232 mentis
1226 2191 1318 2252 opera

205 2245 379 2316 damnarer

290 2339 316 2402 is
333 2340 382 2419 qui
396 2347 467 2401 noct
469 2359 484 2400 e
498 2339 675 2403 miserorum
689 2340 751 2401 furt
739 2347 801 2401 ιιιιιι
818 2340 1054 2437 deprehenderat,
1069 2339 1166 2402 Hesus
1182 2343 1317 2412 nomine,

207 2425 304 2486 subito
325 2426 497 2523 proclamat:
515 2416 597 2503 ‘ergo
619 2424 657 2487 illi
677 2426 724 2512 qui
747 2433 830 2493 sunt,
858 2425 907 2505 qui
926 2432 1013 2487 nocte
984 2426 1073 2486 tad
1100 2425 1200 2487 lunam
1226 2429 1317 2488 rade-

205 2509 276 2572 bant
263 2518 312 2572 tur
337 2511 468 2589 pessimo
494 2511 608 2571 medius
635 2505 721 2571 fidius
745 2508 901 2589 exemplo?
936 2512 1021 2574 audio
1044 2511 1121 2572 enim
1143 2530 1219 2573 non
1228 2513 1316 2574 licere

206 2595 341 2674 cuiquam
357 2595 553 2656 mortalium'
545 2612 575 2655 ιιι
595 2614 667 2657 nave
678 2613 774 2698 neque
785 2613 897 2673 ungues
913 2613 1006 2676 neque
1022 2595 1141 2675 capillos
1158 2598 1314 2678 deponere,

138 2680 262 2741 105nisi
288 2699 354 2742 cum
378 2681 479 2782 pelago
499 2687 602 2740 ventus
622 2671 774 2741 irascitur.
803 2681 957 2744 excanduit
975 2683 1078 2743 Lichas
1101 2683 1159 2744 hoc
1175 2702 1311 2746 sermone

207 2765 307 2827 turba
295 2771 342 2825 us
365 2772 394 2825 et
410 2755 513 2826 ‘itane'
535 2765 630 2844 inquit
640 2756 780 2844 capillos
795 2766 919 2845 aliquis
912 2785 941 2827 ιιι
957 2768 1190 2847 naxepraecrdrt
1206 2777 1237 2831 et
1259 2771 1315 2830 boc

206 2857 293 2912 nocte
314 2849 344 2911 in
346 2847 511 2928 tempesta?
537 2849 670 2912 attrahite
690 2851 772 2912 ocius
787 2860 928 2914 nocentes
949 2853 978 2913 in
999 2853 1141 2926 medium,
1162 2861 1196 2916 ιιι
1216 2856 1316 2928 sciam,

202 2954 332 3039 quorum
354 2935 496 3033 capitibus
513 2936 615 2998 debeat
602 2937 775 3016 tnavigium
791 2929 962 2999 lustrariff‘
964 2930 1025 3017 ego'
1042 2939 1136 3018 mqmt
1148 2940 1316 3021 Eumolpus

202 3013 372 3083 hociussi
403 3022 506 3082 necin
528 3023 1067 3106 eodemfuturusnavigroauspicium
1083 3023 1241 3098 mihileci,
1263 3028 1316 3088 sed

206 3108 272 3186 quia
287 3114 427 3168 nocentes
448 3108 587 3169 horridos
607 3109 769 3188 longosque
784 3109 931 3171 habebant
919 3110 1080 3188 tcapilloS,
1095 3129 1133 3170 ne
1148 3110 1264 3172 viderer
1278 3114 1316 3173 de

204 3211 276 3254 nave
296 3210 440 3253 carcerem
460 3193 662 3264 facere,1ussi
683 3193 847 3273 squalorem
870 3195 1013 3256 damnatis
1034 3195 1152 3268 auferri3
1173 3196 1262 3258 simul
1281 3207 1318 3259 nt

205 3284 291 3338 notae
311 3296 427 3357 quoque
444 3277 604 3341 litterarum
624 3297 686 3340 non
706 3279 895 3341 adumbratae
910 3299 1058 3342 comarum
1072 3281 1220 3360 praesidio
1237 3290 1317 3345 totae

205 3362 240 3423 ad
257 3362 359 3422 oculos
374 3363 529 3442 legentium
546 3363 719 3426 acciderent.
749 3364 825 3426 inter
840 3373 934 3426 cetera
946 3366 1023 3444 apud
1036 3385 1227 3428 communem
1240 3369 1316 3430 ami-

206 3465 269 3509 cam
285 3457 536 3526 consumpserunt
550 3451 704 3528 pecuniam
719 3469 824 3523 meam,
841 3470 857 3511 a
872 3469 928 3529 qua
940 3449 1004 3511 illos
1016 3451 1150 3531 proxima
1162 3461 1251 3515 nocte
1263 3473 1315 3516 ex-

205 3533 279 3595 traxi
294 3550 376 3594 mero
392 3535 607 3636 unguentisque
622 3537 769 3616 perfusos.
799 3536 835 3597 ad
852 3553 1011 3609 summam,
1032 3538 1128 3598 adhuc
1142 3538 1314 3616 patrimonii

138 3641 145 3647 ·
205 3637 262 3680 mer
255 3617 414 3696 reliquias
430 3609 521 3680 olent’

744 3717 764 3755 ii

291 3807 300 3848 1
301 3795 388 3867 aque
407 3794 440 3849 ut
458 3787 547 3859 tutela
562 3788 643 3849 navis
659 3791 838 3869 expiaretur,
858 3790 966 3870 placuit
981 3792 1181 3871 quadragenas
1195 3796 1314 3874 utrique

206 3875 304 3953 plagas
328 3874 451 3954 imponi.
488 3874 567 3934 nulla
589 3891 658 3951 ergo
682 3875 714 3934 fit
736 3893 828 3936 mora.
868 3877 1075 3952 aggrediuntur
1099 3895 1155 3937 nos
1181 3880 1312 3941 furentes

206 3967 311 4020 nautae
330 3979 398 4022 cum
419 3959 538 4022 funibus
554 3964 723 4036 tentantque
738 3959 879 4020 vilissimo
897 3961 1038 4039 sanguine
1052 3963 1171 4024 tutelam
1188 3966 1312 4044 placare.
