2728 4344
165 241 210 307 ag
641 233 799 292 rn'ruoun

168 383 215 457 t‘er
228 409 364 474 purgare.
392 391 487 453 servio
507 409 561 470 eqo
576 391 700 471 imperio
716 384 1092 470 granaquc'sordidissimis
1112 389 1275 470 putamini·

169 481 225 544 bus
244 479 346 541 vestita
362 477 478 540 curiosa
493 495 583 540 manu
596 495 728 556 segrego.
757 483 787 538 at
800 476 846 537 illa
865 475 1001 538 inertiam
1021 495 1117 542 meam
1132 494 1276 538 accusans

168 563 305 644 improba
318 562 393 624 tollit
407 563 599 641 dentibusque
612 561 757 626 folliculos
772 561 882 642 pariter
896 560 1002 641 spoliat
1015 567 1105 640 atque
1123 561 1274 624 interram

169 649 255 712 veluti
269 666 437 710 muscarum
453 647 596 727 imagines
611 647 727 726 despuit

710 747 730 790 a

252 817 380 880 ,mirabar
400 817 535 898 equidem
550 816 730 898 paupertatis
746 815 896 895 ingenium
915 815 1157 896 singularumque
1174 833 1276 880 rerum

170 904 310 984 quasdam
324 910 418 964 artes:

269 1007 329 1051 uon
344 988 450 1050 lndum
464 987 593 1066 fulgebat
607 986 691 1060 ebur,
707 987 786 1066 quod
801 985 966 1049 inhaeserat
980 1005 1066 1060 auro,

269 1092 324 1136 neo
338 1073 397 1134 iam
412 1073 519 1136 calcato
534 1071 665 1134 radiabat
678 1089 825 1132 marmore
839 1078 924 1140 terra

270 1157 443 1220 muneribus
458 1157 559 1218 delusa
575 1157 646 1218 suis.
661 1157 728 1218 sed
743 1164 820 1218 crate
835 1157 945 1236 saligna

268 1244 441 1323 impositum
457 1241 569 1306 Cereris
585 1260 690 1304 vacuae
703 1259 809 1302 nemus
825 1249 853 1303 et
866 1258 942 1304 nova
956 1248 1049 1304 terrae

133 1391 136 1396 ,
221 1347 236 1398 s
271 1328 375 1409 pocula
389 1347 463 1407 quae
477 1327 553 1390 facili
568 1327 632 1388 vilis
647 1335 713 1390 rota
728 1327 850 1390 finxerat
864 1334 940 1390 astu.

271 1413 341 1476 hinc
355 1413 437 1475 molli
453 1413 544 1474 stillae
558 1412 637 1476 lacus
653 1420 682 1474 et
696 1411 732 1474 dc
747 1412 865 1476 caudice
879 1413 958 1476 lento

270 1498 413 1562 vimineae
427 1498 525 1560 lances
540 1499 740 1578 maculataque
754 1504 829 1561 testa
843 1499 948 1578 Lyaeo.

270 1590 300 1645 at
313 1583 410 1662 paries
426 1582 500 1652 circa
516 1583 597 1662 palea
612 1584 732 1646 satiatus
747 1582 827 1646 inani

269 1667 450 1747 fortuitoque
464 1668 526 1730 luto
543 1667 638 1730 clavos
653 1669 825 1734 numerabat
838 1667 960 1746 agrestis

206 1767 238 1819 10
273 1760 302 1814 et
315 1752 398 1814 viridi
413 1753 500 1814 iunco
510 1753 630 1832 ,gracilis
646 1753 790 1832 pendebat
803 1753 949 1818 harundo.
1036 1777 1042 1788 ·

271 1845 419 1918 praeterea
435 1857 508 1917 quae
522 1839 641 1906 fumoso
657 1855 802 1917 suspensa
816 1837 907 1916 tigillo

272 1922 462 1984 conservabat
476 1941 548 2003 opes
564 1923 683 1986 humilis
700 1941 781 1998 casa,
795 1922 877 1986 mitia
892 1923 981 1986 sorba

270 2008 346 2070 inter
361 2008 497 2070 odoratas
508 2009 679 2088 pendebant
691 2015 769 2078 testa
784 2026 911 2070 coronas

271 2100 300 2155 et
313 2093 465 2174 thymbrae
479 2101 589 2158 veteres
604 2100 633 2156 et
647 2093 744 2174 passis
759 2111 814 2158 uva
827 2094 950 2159 racemis

85 2303 87 2306 .
207 2263 237 2314 ta
274 2249 366 2328 qualis
382 2249 412 2310 in
427 2249 530 2312 Acuca
546 2251 695 2330 quondam
708 2250 765 2312 luit
775 2248 892 2330 bospite
906 2256 997 2322 terra,

271 2335 357 2414 digna
372 2335 462 2396 sacris
478 2334 594 2409 Hecale,
610 2355 698 2416 qnam
714 2336 796 2398 Musa
811 2334 999 2415 loquentibus
1015 2332 1100 2399 aunis

270 2419 427 2482 Raccineas
442 2427 555 2482 veteres
570 2421 703 2482 mirando
719 2420 838 2482 tradidit
851 2439 922 2482 aevo

713 2519 733 2564 a

104 2599 162 2658 136
257 2589 327 2651 dum
343 2586 388 2650 illa
404 2589 500 2651 carnis
516 2589 602 2652 etiam
618 2589 767 2670 paululum
782 2587 887 2652 delibat

202 2767 205 2774 ⁴
256 2767 285 2819 et
300 2759 370 2820 dum
386 2757 540 2838 coaequale
554 2758 692 2822 naulium
704 2776 827 2820 snorum
840 2757 967 2837 sinciput
977 2757 1008 2820 in
1020 2758 1184 2822 carnarium
1196 2759 1274 2822 turca

170 2844 301 2923 reponit,
321 2844 412 2907 fracta
434 2852 480 2906 est
494 2845 588 2925 putris
604 2846 681 2918 sella,
698 2863 770 2926 quae
785 2850 913 2906 staturae
928 2843 1110 2908 altitudinem
1125 2845 1274 2918 adiecerat

171 2947 317 3009 anumque
344 2930 475 3010 pondere
501 2948 556 2992 suo
583 2930 723 2992 deiectam
745 2948 833 3010 super
852 2929 981 2991 loculum
1002 2929 1098 2992 mittit
1132 2930 1276 3009 frangitur

172 3033 241 3094 ergo
262 3015 355 3077 cervix
376 3016 546 3079 cucumulae
565 3015 720 3096 ignemque
740 3015 830 3077 modo
847 3015 1095 3080 convalescentem
1110 3016 1275 3095 restinguit.

171 3108 255 3162 vexat
273 3100 403 3162 cubitum
422 3101 486 3181 ipsa
506 3102 603 3181 stipite
623 3101 736 3162 ardenti
750 3101 912 3182 faciemque
932 3109 1025 3164 totam
1040 3101 1163 3166 excitato
1180 3102 1275 3166 cinere

171 3185 306 3264 perfudit.
335 3186 506 3249 consurrexi
520 3187 655 3266 equidem
670 3186 803 3248 turbatus
817 3204 965 3267 anumque
978 3205 1040 3248 non
1051 3188 1114 3248 sine
1124 3187 1188 3249 risu
1200 3185 1275 3249 erexi

256 3301 420 3380 statimque,
435 3318 473 3362 ne
488 3320 536 3363 res
552 3301 647 3381 aliqua
662 3301 836 3364 sacrificium
850 3307 1023 3374 moraretur,
1039 3301 1074 3362 ad
1086 3300 1274 3364 reficiendum

170 3382 268 3466 ighem
283 3385 313 3448 in
328 3386 461 3448 viciniam
478 3388 606 3449 cucurrit

255 3500 352 3579 itaque
367 3501 402 3562 ad
419 3520 502 3563 casae
518 3501 655 3564 ostiolum
671 3502 803 3582 processi

257 3638 323 3684 cnm
344 3638 410 3682 ecce
429 3627 488 3684 tres
504 3639 622 3684 anseres
638 3622 713 3684 sacri
728 3621 792 3703 qui,
810 3628 844 3684 ut
857 3626 944 3700 puto,
964 3620 1060 3683 medio
1078 3621 1125 3687 die
1140 3621 1273 3686 solebant

171 3705 207 3768 ab
228 3725 287 3768 anu
305 3705 393 3768 diaria
414 3705 537 3786 erigere,
559 3707 700 3784 impetum
721 3707 752 3768 in
772 3725 820 3768 me
838 3705 950 3768 faciunt
967 3707 1114 3787 foedoque
1134 3727 1169 3770 ac
1188 3708 1273 3772 veluti

171 3791 288 3858 rabioso
314 3790 441 3856 stridore
467 3791 685 3856 circumsistunt
702 3792 909 3874 trepidantem,
934 3799 1021 3873 atque
1046 3792 1119 3856 alius
1144 3793 1270 3856 tunicam

171 3894 268 3941 meam
282 3876 397 3953 lacerat
412 3876 485 3942 alius
497 3876 611 3938 vincula
626 3875 882 3941 calciamentorum
896 3877 1017 3939 resolvit
1031 3895 1065 3944 aa
1078 3877 1181 3953 ustie
1195 3897 1271 3944 unos

421 4192 725 4338 h.-
