2728 4344
651 265 808 322 rnnnonll

679 510 759 571 XXII

261 625 412 706 Sergios
398 644 431 687 m
450 626 600 687 editionem
619 621 654 683 ll
665 621 775 685 Donati
783 643 815 704 p
828 621 997 686 tolieret
974 631 1045 688 rtem
1066 626 1193 702 Quirites
1214 626 1277 688 dicit

176 730 300 775 numero
316 719 430 773 tantum
445 710 559 791 plurali
585 710 636 770 sed
648 708 772 788 legimus
785 711 862 790 apud
874 709 1028 772 Horatium
1038 710 1118 774 hunc
1130 711 1277 786 Quiritem.

176 805 259 858 vatus
286 797 484 859 nominativus
509 796 558 858 hic
578 795 686 868 Quiris.
719 795 796 856 idem
815 789 986 857 Horatius
995 797 1060 878 quis
1084 805 1113 858 te
1133 796 1278 859 redonavit

177 882 320 955 Quiritem
340 882 385 944 dis
404 872 543 962 patriis‘l'
558 882 638 943 cuius
659 880 857 942 nominativus
873 882 927 943 erit
941 882 988 944 hic
1003 883 1148 958 Quirites,
1169 889 1202 944 ut
1217 881 1279 943 dicit

177 967 334 1029 Petronius
1346 968 1347 982 ¹

261 1051 447 1155 Pompeius
434 1070 465 1112 oo
481 1061 637 1112 commento
654 1053 726 1112 ortis
739 1049 851 1112 Doooti
859 1071 890 1132 p
904 1049 965 1112 161
971 1050 1009 1113 t
1029 1070 1117 1114 nemo
1140 1043 1230 1114 dicit‘
1237 1052 1279 1113 hie
1345 1081 1346 1084 ¹

178 1129 320 1234 Quirites'
336 1127 408 1199 sed‘
414 1137 445 1197 hi
456 1127 597 1209 Quirites'
612 1135 736 1197 lieetv
690 1136 846 1216 legerimus
862 1137 928 1198 hoc
957 1137 1027 1216 legit
1028 1157 1043 1199 e
1058 1138 1088 1199 in
1100 1137 1241 1200 Petronio
1255 1144 1280 1197 et

178 1223 304 1284 inveniet
304 1222 329 1283 is
292 1223 381 1284 tde
395 1222 575 1283 nominativo
593 1221 731 1300 singulari
746 1223 804 1284 hoo
817 1223 937 1284 lactum.
964 1230 993 1284 et
1008 1222 1047 1284 ait
1058 1223 1216 1285 Petronius
1228 1213 1280 1284 ‘hio

178 1298 318 1381 Quirites’
335 1325 459 1370 numero
476 1305 614 1386 singulari

679 1497 771 1559 Xlllll

262 1608 471 1703 grammaticos
486 1599 520 1666 de
533 1605 686 1684 peceribus
700 1608 893 1686 nomioomp.
906 1603 947 1666 79
958 1604 1094 1687 Haupt&
1109 1608 1220 1669 fretum
1236 1626 1280 1686 ge—

179 1691 258 1753 neris
273 1691 368 1753 neutri
382 1698 411 1752 et
424 1691 576 1770 pluraliter
590 1690 672 1764 freta,
687 1701 720 1753 ut
734 1691 890 1754 Petronius
902 1682 991 1754 ‘lreta
1006 1684 1179 1755 Nereidum'

680 1895 810 1960 XXIIII*

263 2014 459 2095 Hieronymus
473 2015 505 2075 io
519 2011 640 2093 epistole
652 2014 690 2074 od
700 2011 912 2076 Demetriadem
925 2012 1031 2076 CXXX
1042 2011 1084 2074 19
1091 2033 1122 2095 p.
1136 2012 1202 2076 995
1217 2013 1280 2076 Vol-

181 2099 278 2162 lorsii:
290 2100 502 2163 cincinnatulos
513 2116 623 2179 pueros
635 2105 663 2160 et
675 2099 884 2162 calamistratos
896 2108 925 2160 et
935 2099 1080 2180 peregrini
1092 2101 1186 2162 muris
1203 2101 1281 2162 olen-

180 2194 224 2247 tes
239 2186 397 2266 pelliculas,
414 2186 451 2247 de
466 2185 572 2265 quihus
587 2183 655 2245 illud
671 2185 779 2246 Arbitri
794 2191 838 2246 est
1096 2212 1170 2262 uetos·

419 2263 496 2331 ‘non
511 2269 585 2331 bene
601 2269 659 2331 olet
673 2289 723 2349 qur
715 2270 812 2332 bene
826 2287 943 2366 semper
958 2261 1039 2331 olet'‘

181 2356 263 2435 quasi
279 2357 421 2436 quasdam
435 2362 533 2435 pestes
549 2361 577 2416 et
592 2373 700 2460 venena
715 2355 907 2459 pudicitiae
882 2373 962 2434 virgo
979 2355 1086 2417 devitet

499 2483 504 2492 .
511 2463 542 2503 ,γι
547 2460 562 2488 to
568 2463 580 2478 1
579 2475 583 2502 i
589 2465 602 2495 t·

682 2563 783 2625 XXV*

264 2666 430 2746 Fulgentius
445 2664 655 2745 mytholopieoo
669 2662 733 2725 119
743 2685 774 2746 p.
787 2663 829 2726 80
841 2666 873 2726 de
887 2664 1072 2727 Prometheo:
1088 2667 1222 2746 quamvis
1233 2665 1274 2728 lli-

181 2769 301 2831 cagoras
314 2799 321 2813 .
334 2799 341 2812 .
355 2798 362 2812 .
374 2752 503 2832 primum
519 2749 600 2812 illum
615 2751 760 2811 formasse
777 2749 888 2812 idolum
907 2752 1027 2826 referat,
1043 2759 1072 2812 et
1087 2753 1165 2831 quod
1180 2749 1277 2814 vulturi

180 2837 430 2986 iAeercpirtepraaipbeat,
448 2836 547 2910 livoris
569 2835 651 2916 quasi
669 2837 770 2915 pingat
789 2835 954 2916 imaginem.
984 2838 1061 2898 unde
1081 2846 1110 2898 et
1128 2839 1278 2899 Petronius

362 2998 429 3087 ‘qui
444 3007 540 3069 vultur
554 3005 634 3068 iecor
647 3007 690 3068 ult
690 3005 782 3069 imum
799 3016 929 3087 pererrat

381 3100 410 3154 ct
423 3100 490 3173 pect
491 3113 525 3154 us
477 3092 686 3154 ttrahit't
643 3100 686 3153 rut
687 3091 818 3173 imasque
833 3093 935 3167 libras,

381 3195 443 3239 non
458 3185 504 3239 est
519 3196 605 3257 quem
620 3177 709 3258 lepidi
723 3185 827 3241 vocant
840 3187 958 3280 poetae,

381 3264 432 3325 sed
447 3263 545 3325 cordis
560 3262 654 3335 molo,
669 3263 787 3326 livort
758 3272 787 3326 at
788 3283 843 3345 que
857 3255 955 3327 luxus'

681 3470 792 3534 XXVI*

382 3567 424 3630 sic
439 3579 539 3631 contra
553 3588 653 3631 rerum
668 3577 788 3632 naturae
803 3586 924 3630 munera
939 3577 1009 3631 nota

425 3672 530 3716 corvus
545 3656 666 3716 maturis
681 3655 815 3734 frugibus
831 3673 885 3715 ova
900 3656 997 3715 refert.

382 3739 425 3800 sic
439 3739 548 3802 format
561 3741 658 3819 lingua
673 3740 765 3803 letum
781 3759 848 3803 cum
863 3739 986 3819 protulit
999 3759 1082 3816 ursa,

425 3833 454 3885 ct
467 3825 556 3903 piscis
571 3825 651 3886 nullo
667 3825 784 3886 iunctus
799 3841 898 3886 amore
913 3826 997 3903 parit.

332 3925 347 3974 5
383 3907 426 3969 sic
439 3908 574 3972 Phoebea
590 3910 686 3989 chelys
701 3910 796 3970 vinclo
810 3907 938 3970 resoluta
953 3910 1082 3988 parentis
