2762 4344
565 308 708 362 sennan
1147 319 1188 382 53

95 466 132 544 gis
152 466 265 546 expedit
285 465 402 544 inguina
423 482 509 545 qnam
531 464 646 544 ingenia
666 459 789 527 fricare?
817 468 889 530 hacc
907 469 1054 550 Eumolpo
1076 470 1189 534 dicente

95 552 230 612 mutabam
244 569 299 630 ego
314 550 552 631 frequentissime
567 551 694 634 vultum,
714 551 829 614 iniuriis
845 554 955 617 scilicet
969 556 1079 618 inimici
1094 558 1189 619 nostri

95 637 191 712 hilaris,
205 637 371 717 commodis
387 637 490 698 tristis.
521 644 670 716 utcunque
684 645 796 710 tamen,
812 645 951 720 tanquam
966 659 1028 704 non
1044 660 1189 721 agnosce-

94 742 147 782 rem
160 723 296 796 fabulam,
312 721 389 784 tacui
404 730 433 783 et
447 737 536 784 cenae
551 723 686 784 ordinem
702 723 825 803 explicui

623 819 644 858 a·

164 885 234 955 vile
250 900 304 966 est,
320 893 397 972 quod
414 892 489 965 licet,
505 900 535 953 ct
549 893 665 960 animus
681 912 781 956 errore
796 894 915 958 lentus
908 896 1028 959 miurias
1045 898 1182 978 diligit..
1204 901 1244 964 93

325 978 383 1039 ales
399 977 548 1040 Phasiacis
563 978 651 1057 petila
667 979 783 1042 Colchis

325 1063 428 1143 etpict
429 1063 454 1125 is
470 1064 530 1125 aris
546 1071 684 1126 renovata
699 1065 804 1145 pennis

326 1156 411 1228 atque
427 1150 510 1211 Afrae
524 1150 657 1211 volucres
672 1151 787 1230 placent
800 1152 911 1231 palato,

326 1236 404 1314 quod
419 1253 481 1296 non
497 1243 565 1296 sunt
578 1234 690 1296 faciles:
706 1244 735 1298 at
749 1237 831 1298 albus
848 1255 935 1299 anser

268 1338 283 1386 5
328 1321 473 1400 plebeium
489 1321 573 1400 sapit.
604 1320 714 1383 ultimis
731 1321 766 1383 ab
782 1323 843 1383 oris

326 1413 466 1468 attractus
483 1425 585 1468 scarus
601 1413 686 1486 atque
702 1415 781 1470 arata
797 1408 890 1487 Syrtis
998 1451 1006 1462 =

327 1491 436 1570 siquid
452 1492 602 1571 naufragio
619 1491 712 1564 dedit,
728 1493 880 1572 probatur.
993 1501 997 1512 ¹

326 1577 432 1638 mullus
447 1578 505 1639 iam
521 1576 617 1657 gravis
632 1585 686 1638 est.
665 1579 809 1640 tamica
824 1577 914 1640 vincit

325 1682 457 1724 uxorem.
487 1682 555 1725 rosa
571 1663 740 1726 cinnamum
755 1672 881 1726 veretur.

201 1758 283 1814 10
303 1749 462 1851 quicquid
471 1749 639 1852 quaeritur,
657 1749 801 1846 optimum
816 1740 949 1811 videtur.³

162 1827 236 1894 hoc
255 1825 312 1896 est’
335 1835 453 1914 inquam
471 1826 566 1914 ‘quod
587 1835 780 1914 promiseras,
802 1853 839 1896 ne
861 1853 946 1915 quem
967 1834 1186 1896 hodicversum
1204 1837 1245 1899 94

94 1917 214 1981 laceres?
244 1939 302 2018 per¹
312 1921 415 1993 tidem,
437 1920 491 1981 salt
479 1927 538 1980 tem
554 1921 640 1981 nobis
656 1939 756 2000 parce,
774 1920 823 2000 qui
838 1928 1029 2018 tenunquam
1046 1919 1187 2000 lapidavi-

95 2023 160 2066 nus.
190 2022 259 2067 nam
279 2005 304 2065 si
325 2005 428 2084 aliquis
445 2025 479 2066 ex
494 2005 535 2078 is,
556 2005 651 2084 quiin
667 2007 770 2066 eodem
787 2006 924 2086 synoecio
940 2011 1056 2084 potant,
1078 2023 1188 2068 nomeu

96 2098 187 2170 poetae
202 2091 339 2165 olfecerit,
354 2099 447 2153 totam
464 2091 621 2152 concitabit
635 2091 768 2152 viciniam
784 2099 812 2152 et
827 2111 883 2152 nos
900 2109 1003 2152 omnes
1020 2091 1076 2152 sub
1088 2090 1188 2154 eadem
1255 2120 1262 2127 ‘

97 2195 187 2237 caussa
202 2177 315 2238 obruet.
346 2176 485 2239 miserere
505 2183 535 2236 ct
554 2183 603 2236 aut
623 2176 844 2254 pinacothecam
860 2183 909 2238 aut
923 2175 1060 2236 balneum
1076 2167 1189 2254 cogita?
1236 2187 1238 2192 '

98 2262 132 2322 sic
150 2281 195 2322 me
215 2263 384 2342 loquentem
406 2260 569 2340 obiurgavit
590 2260 691 2335 Giton,
717 2261 893 2322 mitissimus
913 2279 998 2340 puer,
1024 2267 1053 2321 et
1073 2260 1190 2339 negavit

98 2349 282 2425 recisionem,
305 2349 384 2426 qnod
406 2347 515 2409 seniori
531 2345 704 2408 convitiarer
719 2346 864 2426 simulque
880 2346 986 2407 oblitus
1003 2345 1090 2408 officii
1105 2365 1190 2408 men·

100 2451 164 2507 sam,
182 2453 267 2514 quarn
289 2435 470 2495 humanitate
486 2433 670 2513 posuissem,
686 2433 862 2494 contumelia
876 2432 1022 2504 tollerem,
1038 2431 1189 2511 multaque

104 2517 147 2576 alia
157 2519 362 2581 moderationis
382 2518 628 2599 verecundiaeque
648 2519 749 2592 verba,
767 2538 839 2598 quae
853 2519 981 2580 formam
998 2519 1061 2580 eius
1077 2516 1190 2597 egregie

104 2601 224 2667 decebant

621 2699 641 2738 ul}
1019 2723 1021 2728 .

168 2766 196 2836 ‘o
210 2766 333 2838 felicem³
348 2775 440 2855 inquit
451 2767 586 2837 ‘matrem
602 2783 699 2850 tuam,
720 2793 793 2855 quac
806 2781 835 2836 te
850 2775 937 2837 talem
953 2775 1082 2856 peperit:
1097 2782 1191 2844 macto

98 2857 190 2920 virtute
213 2869 287 2923 esto
323 2879 417 2922 raram
439 2861 508 2922 fecit
527 2861 599 2923 mixt
587 2869 682 2923 turam
704 2880 770 2922 cum
792 2861 934 2940 sapientia
953 2860 1058 2922 forma.
1093 2860 1190 2940 itaque

96 2961 129 3002 ne
146 2955 225 3024 putes
244 2955 340 3008 tetot
358 2947 446 3008 verba
469 2946 646 3026 perdidisse,
667 2947 851 3006 amatorem
842 2945 988 3006 rnvenisti
1019 2964 1072 3024 ego
1088 2945 1189 3006 laudes

96 3035 153 3088 tuas
168 3031 340 3095 carminibus
355 3032 493 3131 implebo.
525 3051 578 3111 ego
594 3031 781 3111 paedagogus
797 3036 827 3090 ct
841 3037 941 3092 custos
958 3030 1044 3091 etiam
1057 3047 1116 3133 quo
1128 3047 1190 3092 non

95 3112 206 3178 iusseris
209 3137 345 3198 ,.sequar
376 3135 429 3178 neo
444 3117 579 3179 iniuriam
592 3115 751 3194 Encolpius
763 3122 877 3195 acmpr
856 3115 978 3178 alium
992 3105 1089 3176 amat
1116 3132 1189 3195 pro

96 3199 145 3260 fuit
161 3205 242 3266 etiam
257 3204 404 3282 Eumolpo
428 3203 511 3264 miles
527 3203 587 3275 ille,
608 3203 658 3282 qui
677 3201 748 3263 mihi
768 3201 888 3263 abstulit
902 3199 1042 3280 gladium
1062 3198 1189 3280 alioquin

96 3303 173 3362 quem
184 3290 311 3352 animum
325 3291 463 3368 adversus
474 3289 613 3369 Ascylton
630 3305 826 3369 sumpseram,
843 3306 909 3349 curn
925 3288 955 3348 iu
967 3285 1105 3367 Eumolpi
1121 3303 1191 3349 san-

97 3371 201 3448 guinem
222 3376 427 3436 exercuissem.
457 3391 512 3436 nec
529 3375 573 3435 fei
572 3375 631 3438 ellit
651 3375 708 3436 hoc
729 3373 776 3435 Git
764 3381 844 3434 t.ona
875 3373 971 3452 itaque
990 3379 1070 3436 extra
1091 3371 1190 3436 oollam

97 3461 236 3534 processit,
251 3469 391 3540 tanquam
407 3478 511 3540 aquam
527 3467 577 3540 pet
578 3467 639 3522 eret
646 3459 801 3538 ,iramque
817 3475 912 3520 meam
929 3458 1066 3564 prudenti
1082 3460 1189 3522 absen-

97 3540 131 3600 tia
144 3547 266 3608 extinxit.
297 3545 446 3626 paululum
467 3564 536 3625 crgo
552 3546 749 3625 intepescente
765 3543 881 3607 saevitia
892 3535 1079 3626 ‘’'llumolpe
1071 3559 1189 3621 inquam

95 3616 156 3688 ‘iam
169 3632 241 3694 malo
257 3633 300 3693 vel
317 3631 496 3694 carminibus
510 3632 649 3711 loquaris,
665 3647 751 3710 quam
765 3629 912 3694 eiusmodi
924 3629 975 3694 tibi
994 3637 1057 3692 uota
1077 3645 1189 3707 propo-

99 3727 152 3774 nas.
180 3724 207 3778 et
221 3737 275 3797 ego
288 3717 443 3780 iracundus
459 3737 536 3791 sum,
552 3723 580 3778 et
594 3721 627 3779 tu
641 3715 832 3780 libidinosus·
848 3717 922 3790 vida,
938 3733 1024 3796 quam
1040 3729 1101 3774 non
1117 3728 1189 3772 con-

100 3801 182 3863 veniat
171 3803 241 3864 this
257 3803 399 3865 moribus.
421 3811 499 3908 puta
519 3802 607 3882 igitur
627 3821 674 3866 mo
694 3803 839 3868 furiosum
861 3821 940 3874 iisse,
962 3795 1057 3860 cede
1049 3795 1189 3869 insaniae,

100 3879 177 3948 idest
190 3891 271 3951 ocius
286 3890 367 3951 foras
384 3891 438 3951 eri.
439 3882 619 3952 ’contusus
635 3889 689 3952 huc
709 3885 927 3952 denuntiatione
943 3879 1107 3962 Eumolpus
1129 3897 1190 3944 non

102 3973 209 4044 quaesiit
197 3976 396 4038 tiracundiae
417 3993 564 4052 caussam,
586 3975 636 4038 eod
658 3973 798 4038 continuo
819 3971 905 4036 limen
922 3985 1058 4050 agressus
1074 3967 1192 4030 adduxit
