2728 4344
165 232 213 313 sq
636 226 792 300 uuruouu

166 384 294 482 quodam
318 383 382 444 risu
406 383 437 444 iu
461 383 616 444 horrorem
641 381 799 462 perductus
819 380 998 458 interrogare
1017 380 1150 444 animum
1169 399 1272 444 meum

167 469 261 552 coepi,
275 485 312 530 an
327 487 394 530 vera
409 468 557 547 voluptate
570 466 721 528 fraudatus
737 484 847 526 essem:

265 561 353 615 nocte
367 553 530 632 soporifera
544 551 629 613 veluti
646 569 713 612 cum
728 551 843 612 somnia
858 549 1004 611 ludunt

269 645 400 700 errantes
416 637 519 700 oculos
534 638 700 715 effossaque
714 636 837 716 protulit
850 654 954 696 aurum

266 723 296 785 in
311 723 407 785 lucem
423 723 520 785 tellus.
536 728 632 782 versat
646 739 751 782 manus
766 719 900 800 improba
914 719 1025 781 furtum

266 809 489 888 [thesaurosque
503 807 591 887 rapit,
605 806 697 867 sudor
712 825 829 886 quoque
843 804 950 884 perluit
964 805 1023 881 ora]

216 909 231 958 a
267 901 297 954 et
310 901 437 955 mentem
452 893 541 954 timor
554 892 629 953 altus
645 891 745 964 babet,
760 908 798 951 ne
811 891 887 951 forte
902 897 1050 968 gravatum

266 978 390 1040 excutiat
404 978 546 1057 gremium
563 976 666 1038 secreti
682 975 818 1038 conscius
834 973 910 1036 auri:

264 1081 335 1124 ruox
350 1063 401 1126 uhi
415 1064 553 1141 fugeruut
566 1062 676 1123 elusam
693 1061 795 1139 gaudia
811 1067 938 1122 mentem

267 1166 392 1227 veraque
407 1148 503 1209 forma
518 1146 605 1219 redit,
621 1145 751 1218 animus,
767 1145 845 1225 quod
862 1143 1001 1224 perdidit,
1015 1150 1097 1224 optat

265 1240 351 1313 atque
366 1233 396 1293 in
412 1231 566 1313 praeterita
581 1251 613 1292 se
626 1237 708 1292 totus
723 1231 849 1310 imagine
863 1235 959 1291 versat

705 1338 727 1380 s

245 1407 359 1495 ‘itaque
378 1416 436 1478 hoc
454 1415 574 1477 nomine
592 1413 646 1474 tibi
665 1413 771 1492 gratias
793 1431 862 1492 ago,
886 1413 964 1492 quod
984 1431 1031 1472 me
1051 1411 1199 1473 Socratica
1215 1412 1274 1473 hdo

165 1499 269 1578 diligis.
293 1517 354 1562 uon
369 1507 428 1562 tam
443 1501 569 1562 intactus
584 1498 746 1561 Alcibiades
762 1498 791 1560 iu
806 1497 1006 1577 praeceptoris
1021 1496 1066 1558 sui
1080 1496 1155 1558 lecto
1171 1489 1274 1559 iacuil'

704 1606 725 1646 a

97 1677 156 1738 129
246 1671 348 1743 ‘crede
369 1681 456 1754 mihi,
474 1680 577 1754 frater,
598 1680 800 1759 uouiutelligo
816 1679 972 1741 merirum
988 1697 1067 1754 esse,
1086 1698 1148 1742 non
1164 1681 1272 1742 sentio.

164 1767 297 1828 funerata
313 1773 359 1827 est
373 1765 419 1827 illa
434 1783 502 1845 pars
519 1765 662 1844 corporis,
678 1783 735 1844 qua
750 1766 898 1843 quondam
915 1765 1039 1826 Achilles
1055 1757 1147 1827 eram'

705 1873 726 1913 a

248 1947 357 2009 veritus
378 1965 463 2026 puer,
483 1965 520 2009 ne
534 1949 564 2008 iu
581 1956 692 2010 secreto
708 1946 908 2026 deprehensus
924 1948 1005 2008 daret
1020 1948 1208 2009 sermonibus
1225 1947 1272 2008 lo-

164 2049 240 2106 cum,
256 2032 404 2113 proripuit
417 2051 450 2094 se
464 2040 493 2093 et
507 2033 536 2094 iu
552 2041 663 2114 partem
680 2032 794 2093 aedium
809 2031 978 2094 interiorem
993 2033 1067 2112 fugit

708 2140 730 2180 a

250 2216 413 2279 cubiculum
440 2223 535 2278 autem
562 2235 661 2277 meum
683 2214 800 2295 Chrysis
826 2215 942 2276 intravit
968 2215 1175 2318 codicillosque
1197 2217 1271 2276 mihi

165 2299 301 2363 dominae
312 2320 382 2364 suae
393 2299 546 2375 reddidit'
539 2320 567 2362 iu
580 2301 685 2381 quibus
697 2302 768 2361 haec
779 2307 862 2360 eraut
877 2300 1000 2379 scripta:
969 2291 1110 2362 a‘Circe
1122 2301 1270 2381 Polyaeno

165 2387 296 2447 salutern.
322 2405 346 2447 si
339 2385 516 2448 libidinosa
528 2405 634 2459 essem
651 2404 788 2466 quererer
799 2385 934 2464 decepta
948 2402 1027 2446 nuno
1038 2385 1122 2447 elram
1135 2386 1271 2464 languori
1356 2415 1357 2418 ¹

164 2476 215 2530 tuo
230 2470 336 2549 gratias
352 2489 416 2550 ago.
444 2470 593 2531 inumbra
609 2469 768 2549 voluptatis
784 2470 892 2533 diutius
904 2470 968 2530 lusi.
997 2470 1064 2550 quid
1079 2478 1177 2530 umen
1191 2488 1271 2547 agas,

164 2573 283 2634 quaero,
299 2562 328 2615 et
342 2573 378 2616 au
392 2555 451 2615 tuis
467 2553 590 2634 pedibus
607 2554 773 2633 perveneris
790 2554 925 2626 domum3
945 2563 1053 2633 negant
1067 2555 1146 2615 enirn
1162 2555 1269 2616 medici

164 2657 228 2699 sure
242 2657 340 2700 uerus
355 2639 489 2700 hommes
505 2637 651 2699 ambulare
667 2657 764 2717 posse
794 2638 920 2699 narrabo
936 2639 997 2712 tibi
1014 2639 1184 2700 adulescens
1193 2660 1268 2719 ‚·pa
1355 2700 1356 2715 y

163 2723 268 2803 ralysiu
285 2743 361 2784 cave.
390 2741 550 2803 numquam
567 2741 621 2801 ego
637 2741 753 2820 aegrum
770 2731 828 2783 tarn
844 2741 952 2802 magno
969 2724 1185 2804 periculovidi3
1205 2745 1265 2786 me·

164 2807 230 2868 dius
247 2808 354 2869 fidius
346 2827 404 2870 ram
416 2809 528 2888 peristi.
545 2801 652 2886 quod
637 2827 661 2868 sr
654 2808 750 2868 idem
762 2808 854 2885 frigus
867 2826 960 2885 genua
971 2828 1133 2888 manusque
1140 2817 1269 2890 t-empta

163 2891 236 2953 verit
250 2901 331 2967 tuas,
348 2893 413 2954 hcet
427 2893 461 2954 ad
477 2892 619 2954 tubicines
634 2892 742 2954 mittas
773 2893 840 2972 quid
857 2895 925 2973 eigo
942 2891 1052 2955 estiet
1041 2893 1136 2954 tiamsi
1152 2913 1269 2990 gravem
1354 2969 1355 2974 ἵ

163 2976 297 3040 iniuriam
318 2977 432 3057 accepi,
453 2978 566 3040 bomini
580 2985 678 3039 tamen
693 2979 801 3039 misero
816 2996 877 3039 uon
893 2979 1007 3040 invideo
1024 2978 1210 3040 medicinam.
1243 2979 1269 3040 si
1354 2979 1355 2996 ¹

163 3061 205 3122 vis
228 3081 318 3124 sanus
339 3081 420 3137 esse,
442 3062 577 3124 Gitonem
598 3082 678 3141 roga.
704 3064 842 3142 recipies,
860 3063 995 3144 iuquam,
1015 3080 1120 3124 nervos
1139 3070 1222 3138 tuos,
1244 3063 1269 3124 si

163 3146 300 3207 triduo'
276 3165 339 3208 sine
353 3111 442 3209 iratie
459 3147 622 3209 dormieris.
646 3167 713 3208 uam
731 3148 809 3227 quod
828 3149 863 3210 ad
881 3167 928 3209 me
946 3149 1069 3220 adtinet,
1088 3165 1150 3208 nou
1165 3149 1268 3220 timeo,

163 3244 200 3289 ne
216 3248 280 3308 quis
297 3232 460 3294 inveniatur
475 3252 520 3294 cur
536 3250 633 3294 minus
649 3233 787 3312 placeam
813 3251 867 3293 uec
879 3233 1030 3313 speculum
1042 3233 1115 3294 mihi
1126 3251 1179 3293 uec
1190 3234 1269 3295 fama
1353 3207 1354 3279 l

163 3314 310 3376 mentitur.
336 3318 406 3389 vale,
422 3336 447 3378 si
462 3307 566 3398 potes
601 3380 603 3384 ,

246 3406 279 3459 ut
298 3364 436 3461 intellexit
451 3401 568 3483 Chrysis
588 3400 745 3498 perlegisse
765 3421 813 3462 me
830 3409 926 3464 totum
943 3402 1116 3475 convitium,
1140 3391 1268 3472 ‘solent'

162 3481 256 3563 inquit
267 3475 357 3544 ‘haec
370 3484 442 3554 fieri,
458 3494 486 3547 et
501 3487 658 3566 praecipue
672 3487 702 3547 in
718 3486 772 3548 hac
783 3486 905 3561 civitate
922 3487 950 3548 in
963 3505 1018 3566 qua
1031 3487 1208 3550 mulieresl
1178 3495 1208 3549 el
1208 3488 1267 3550 iam

162 3569 260 3632 lunam
276 3559 438 3631 deducunt'

703 3683 723 3730 ab

243 3760 356 3852 ‘itaque
370 3769 458 3834 huius
474 3787 590 3853 quoque
604 3771 647 3834 rei
662 3792 730 3836 cura
745 3779 853 3854 agetur.
884 3771 1009 3837 rescribe
1024 3775 1114 3838 modo
1128 3775 1266 3840 blandius

162 3852 298 3918 dominae
313 3855 500 3939 animumque
514 3858 577 3920 eius
594 3855 713 3959 candida
729 3859 907 3921 humanitate
918 3860 986 3922 resti
988 3868 1045 3925 tue.
1074 3879 1173 3924 rerum
1187 3863 1266 3924 eninr
1350 3895 1351 3900 κ

429 4170 578 4303 ,1
681 4210 718 4308 r.
