2762 4344
191 255 232 318 ῃ
668 243 828 299 rnrnoun

158 425 161 432 ·
188 408 293 472 rimus.
332 405 382 467 ille
406 402 507 476 hahet,
532 401 613 482 qnod
640 400 695 462 sibi
718 399 894 464 debebatur:
920 398 1046 460 honeste
1065 397 1149 472 vixit,
1179 397 1309 460 honeste

190 493 274 556 obiit.
302 490 374 570 qud
399 488 487 550 habet
512 488 592 568 quod
618 483 779 566 queratur?
801 485 837 547 ab
863 503 930 546 asse
956 483 1045 546 erevit
1070 491 1099 545 et
1113 490 1235 562 paratus
1250 483 1310 546 luit
1372 545 1373 586 ,

191 577 385 659 quadrantem
415 574 453 635 de
481 579 611 636 stercore
636 571 786 634 mordicus
811 569 923 632 tollere.
967 570 1063 649 itaque
1088 569 1190 644 crevit,
1217 569 1308 650 quid·
1372 595 1373 632 1

192 663 263 744 quid
280 660 379 737 crevit,
393 666 543 739 tamquam
555 658 648 723 favus.
674 665 747 738 puto
760 656 941 719 mehercules
954 655 1035 717 illum
1046 653 1200 734 reliquisse
1211 655 1309 717 solida

193 755 320 820 centum,
334 752 365 807 et
378 744 479 807 omnia
490 743 520 806 in
532 741 663 806 nummis
675 741 784 805 habuit.
814 743 849 804 de
863 760 896 802 re
906 748 1003 802 tamen
1016 759 1184 832 egoyerum
1198 740 1307 816 dicam,

193 833 243 913 qui
258 832 386 912 linguam
402 830 536 892 caninam
553 828 680 890 comedi:
696 829 785 891 durae
800 827 906 891 buccae
920 826 989 901 fuit,
1002 826 1170 905 linguosus,
1188 826 1306 888 discor-

191 918 253 992 dia,
273 935 336 979 non
350 917 453 978 homo.
481 915 571 977 trater
590 913 652 976 eins
667 913 753 975 fortis
769 913 832 989 fuit,
847 911 959 974 amiens
974 911 1090 986 amico,
1101 929 1192 973 manu
1208 919 1307 988 uncta,

192 1004 277 1084 plena
297 1019 408 1065 mensa.
439 1007 468 1062 et
487 1001 563 1062 inter
582 999 663 1060 initia
683 998 789 1060 malam
809 1016 926 1078 parram
941 997 1048 1078 pilavit
1078 997 1129 1058 sed
1143 999 1306 1059 recorrexit
1373 1065 1374 1070 γ

191 1095 289 1152 costas
307 1088 383 1150 illius
403 1085 498 1166 prima
518 1084 677 1159 vindemia3
697 1084 827 1146 vendidit
837 1083 921 1152 ,enim
937 1083 1036 1144 vinnm
1054 1082 1153 1162 quanti
1169 1082 1234 1162 ipse
1250 1101 1305 1144 vo-

191 1175 253 1236 luit.
283 1179 313 1234 et
333 1172 411 1254 quod
432 1171 508 1233 illius
529 1176 661 1232 mentum
684 1170 815 1244 sustulit,
837 1169 1026 1230 hereditatem
1047 1168 1169 1248 accepit,
1191 1187 1226 1230 ex
1248 1187 1306 1248 qna

191 1260 258 1340 plus
272 1256 423 1328 involavit,
444 1274 533 1336 apuam
554 1255 593 1318 illi
613 1254 746 1318 relictum
767 1261 820 1317 est.
850 1261 879 1316 et
893 1253 939 1315 ille
955 1253 1046 1333 stips,
1062 1253 1132 1315 dum
1146 1254 1231 1314 tratri
1248 1273 1304 1316 suo

191 1343 338 1418 irascitur,
356 1341 457 1405 nesam
479 1341 525 1404 cni
544 1348 638 1403 terrae
657 1341 716 1401 tilio
732 1339 943 1420 patrimonium
959 1338 1088 1418 elegerit
1117 1338 1203 1418 longe
1217 1339 1305 1419 fugit,

191 1429 325 1509 quisquis
339 1447 411 1490 suos
426 1426 509 1506 fugit.
538 1427 639 1490 habuit
653 1434 749 1488 autem
765 1425 937 1490 oricularios
949 1443 1060 1497 servos,
1077 1425 1126 1504 qui
1138 1424 1219 1485 illum
1232 1445 1304 1505 pes-

192 1533 260 1581 sum
280 1514 431 1576 dederunt
474 1529 625 1592 nunquam
646 1519 743 1574 autem
762 1519 840 1574 recte
854 1511 952 1584 faciet,
972 1511 1021 1590 qui
1036 1511 1093 1572 cito
1116 1510 1221 1585 credit,
1243 1511 1304 1573 uti-

192 1618 248 1679 que
265 1600 357 1660 homo
377 1596 540 1677 negotians.
570 1605 669 1660 tamen
689 1615 789 1658 verum
805 1597 885 1677 quod
905 1595 1034 1658 frunitus
1056 1603 1114 1668 est,
1142 1613 1230 1676 quam
1254 1597 1303 1659 diu
1374 1619 1375 1624 ¹

191 1683 261 1746 risit
273 1728 363 1746 .....
376 1682 421 1746 cui
442 1682 542 1746 datum
563 1689 620 1756 ost,
640 1699 703 1744 non
720 1680 766 1743 cui
781 1681 970 1744 destinatum.
1002 1681 1086 1761 plane
1105 1681 1253 1743 fortunae·
1267 1684 1304 1744 fi-

190 1769 262 1844 lius,
281 1770 313 1832 in
330 1787 421 1831 manu
439 1767 516 1830 illins
537 1766 691 1847 plumbum
713 1785 815 1829 aurum
835 1768 930 1829 fiebat
959 1765 1042 1829 facile
1061 1774 1232 1840 astantem,
1253 1768 1303 1830 ubi

193 1853 293 1917 omnia
308 1854 446 1936 quadrata
463 1861 594 1917 currunt.
625 1860 654 1914 et
668 1860 741 1932 quot
755 1861 840 1933 putas
856 1853 935 1915 illum
951 1870 1045 1914 annos
1061 1869 1161 1914 seeum
1177 1851 1302 1914 tulisse?

192 1939 375 2021 septuaginta
390 1948 420 2002 et
434 1955 534 2018 snpra.
564 1937 617 2000 sed
630 1938 785 2000 corneolus
799 1938 869 2011 luit,
884 1945 1006 2000 aemtem
1021 1938 1096 1999 bene
1109 1936 1233 2016 ferebat,
1255 1940 1301 2000 ni·
1375 1979 1376 2024 ,

160 2029 164 2036 '
193 2045 245 2106 ger
267 2033 406 2106 tanquam
426 2043 542 2087 corvus.
583 2042 723 2086 noveram
742 2024 895 2087 bominem
916 2025 987 2085 olim
1007 2024 1133 2085 oliorum
1160 2032 1190 2085 et
1207 2023 1304 2087 adhuc
1375 2027 1376 2038 ³

192 2111 270 2174 salax
286 2119 356 2176 erat.
386 2127 447 2172 non
468 2110 650 2173 mehercules
669 2110 750 2172 illum
770 2117 842 2191 puto
863 2110 894 2172 in
914 2109 1003 2170 domo
1021 2127 1123 2171 canem
1138 2109 1303 2190 reliquisse.

192 2198 284 2276 immo
305 2198 392 2260 etiam
405 2195 563 2277 puellarius
579 2204 652 2271 erat,
673 2196 770 2270 omnis
786 2196 933 2258 mineruae
947 2195 1049 2257 homo.
1079 2214 1134 2256 nec
1148 2195 1303 2275 improb03

192 2283 250 2345 hoc
265 2283 361 2346 solum
376 2282 455 2344 enim
470 2300 571 2344 secum
584 2273 670 2344 tulit’

136 2359 178 2420 44
277 2368 348 2432 haec
357 2363 491 2430 Phileros
507 2366 587 2439 dixit,
602 2367 649 2430 illa
660 2357 1000 2448 Ganymedes:‘narratis
1017 2367 1096 2446 quod
1111 2384 1168 2428 nec
1183 2367 1220 2428 ad
1236 2386 1304 2428 oae-

193 2452 254 2513 lum
269 2470 324 2515 nec
338 2452 374 2516 ad
389 2460 497 2514 terram
513 2452 648 2531 pertinet,
665 2471 730 2512 cnm
747 2451 863 2512 interim
879 2469 967 2512 nemo
984 2460 1078 2525 curat,
1100 2451 1168 2530 quid
1185 2470 1303 2516 annona

194 2537 319 2601 mordet
350 2555 412 2599 non
433 2537 613 2600 mehercules
636 2536 723 2599 hodie
744 2536 866 2601 buccam
888 2535 972 2616 panis
994 2537 1123 2598 invenire
1145 2539 1239 2617 potui.
1277 2547 1303 2600 et

193 2623 346 2701 quomodo
361 2622 476 2684 siccitas
489 2629 665 2702 perseverat.
690 2621 752 2682 iam
769 2639 878 2683 annum
891 2621 1008 2701 esurigo
1020 2622 1082 2684 fuit
1106 2622 1214 2684 aediles
1230 2625 1299 2686 male

193 2707 313 2784 eveniat,
330 2707 380 2788 qui
394 2725 461 2769 cum
477 2707 639 2787 pistoribus
656 2707 806 2769 colludunt
816 2699 926 2768 “serra
941 2726 1003 2782 me,
1019 2708 1140 2769 servabo
1156 2699 1218 2771 te³’.
1248 2710 1302 2772 ita-

193 2811 249 2872 quo
275 2793 404 2873 populns
430 2793 560 2854 minutus
580 2793 707 2867 laborat3
732 2810 801 2854 nam
820 2792 869 2854 isti
888 2793 1016 2855 maiores
1037 2793 1169 2856 maxillae
1185 2813 1304 2875 semper

192 2878 357 2945 Saturnalia
372 2884 470 2958 agunt.
502 2897 519 2938 o
535 2878 560 2939 si
576 2877 749 2940 haberemus
764 2878 829 2940 illos
844 2878 957 2954 leones,
972 2897 1047 2958 quos
1062 2897 1116 2957 ego
1133 2880 1181 2941 bic
1196 2879 1303 2954 inveni,

191 2965 406 3045 cumprimum
427 2983 462 3026 ex
477 2963 545 3026 Asia
559 2964 632 3026 veni.
661 2963 728 3025 illud
745 2971 807 3027 erat
821 2964 923 3026 vivere.
954 2965 1057 3026 similia
1073 2965 1164 3026 sicilia
1180 2966 1304 3027 interio-

191 3069 239 3113 res
251 3057 280 3111 et
291 3050 383 3116 larvas
397 3049 440 3111 sic
450 3049 524 3113 istos
537 3049 773 3130 percolcpabant‚
789 3056 822 3112 ut
832 3049 885 3111 illis
894 3049 1003 3130 Iupiter
1014 3051 1106 3112 iratus
1118 3058 1204 3114 esset.
1230 3052 1302 3130 [sed]

192 3135 313 3196 memini
329 3136 482 3200 Safinium.
512 3144 582 3198 tunc
598 3134 745 3197 habitabat
759 3134 794 3196 ad
808 3154 907 3197 arcum
919 3144 1055 3207 veterem,
1073 3155 1120 3196 me
1136 3155 1239 3216 puero,
1257 3138 1305 3218 pi-

191 3237 257 3298 per,
279 3238 341 3282 non
361 3221 464 3282 bomo.
493 3220 519 3282 is
539 3237 716 3300 quacunque
730 3218 803 3294 ibat,
823 3227 932 3282 terram
948 3221 1098 3282 adurebat.
1129 3223 1180 3283 sed
1195 3231 1306 3297 rectus,

192 3304 245 3366 sed
261 3313 367 3379 certus,
381 3306 492 3367 amicus
506 3307 612 3378 amico,
628 3325 694 3368 cum
710 3323 770 3384 quc
787 3306 923 3368 audacter
938 3325 1042 3387 posses
1059 3307 1088 3367 in
1104 3307 1232 3369 tenebris
1245 3309 1304 3369 mi-

192 3407 266 3452 care.
296 3389 327 3452 in
342 3391 422 3452 curia
437 3397 533 3452 autern
551 3392 700 3472 quomodo
719 3391 851 3471 singulos
871 3392 932 3470 [vel]
946 3392 1053 3472 pilabat
1065 3393 1234 3471 [tractabat],
1249 3411 1306 3455 nec

190 3475 328 3558 schemap
347 3475 518 3555 loquebatur
539 3478 592 3539 sed
612 3477 763 3539 directum.
800 3495 866 3538 cum
882 3485 979 3555 ageret
997 3496 1088 3557 porro
1107 3478 1138 3539 in
1157 3479 1240 3550 foro,
1262 3479 1306 3540 sio

191 3559 267 3624 illius
283 3579 338 3622 vox
358 3560 507 3622 erescebat
520 3567 658 3642 tanquam
674 3561 752 3628 tuba.
783 3579 839 3623 nec
853 3562 966 3624 sudavit
981 3581 1108 3644 unquam
1125 3583 1179 3624 nec
1194 3565 1304 3645 expuit.

191 3654 264 3725 puto
286 3664 354 3707 eum
374 3645 471 3708 nescio
493 3646 561 3726 quid
583 3647 689 3708 nsiadis
709 3646 853 3708 habuisse.
885 3655 914 3710 et
929 3667 1014 3729 quarn
1029 3649 1173 3729 benignus
1188 3650 1305 3714 resalu-

191 3738 266 3805 tare,
289 3731 410 3806 nomina
425 3731 558 3795 omnium
575 3732 704 3806 reddere,
718 3739 856 3811 tanquam
872 3751 949 3794 unns
966 3735 1001 3795 de
1016 3736 1111 3796 nobis.
1141 3738 1238 3815 itaque
1253 3736 1304 3798 illo

191 3823 326 3897 tempore
341 3835 458 3880 annona
473 3836 529 3898 pro
544 3818 605 3881 luto
622 3825 691 3880 erat.
722 3835 789 3879 asse
804 3836 909 3898 penem
923 3838 1008 3898 quem
1021 3817 1154 3895 emisses,
1170 3839 1233 3882 non
1244 3841 1304 3902 pc-

191 3901 300 3966 tuisses
320 3922 389 3968 cum
409 3903 499 3966 altaro
521 3904 668 3966 deuorare.
697 3919 779 3964 nunc
798 3904 914 3966 oculum
934 3903 1053 3966 bublum
1076 3905 1132 3967 vidi
1148 3907 1304 3968 maiorem.
