2762 4344
536 231 677 283 sautans

156 389 288 451 subsedit
301 395 385 469 pater
400 386 586 459 umbrarum,
603 386 773 465 gremioque
787 387 909 449 reducto

153 474 263 536 telluris
278 475 409 554 pavitans
424 474 568 535 fraternos
584 471 683 552 palluit
696 473 779 534 ictus.

154 561 295 622 contiuuo
311 560 407 620 clades
422 560 576 620 bominum
592 565 770 637 venturaque
785 558 889 619 damna

151 645 289 726 auspiciis
306 653 424 725 patuere
439 645 539 717 deum3
555 663 679 723 namque
694 663 745 704 ore
761 652 881 705 cruento

153 731 295 794 deformis
311 731 396 792 'sitan
412 732 521 791 vultum
539 729 658 807 caligine
672 730 756 790 texit:

151 818 245 878 civiles
262 816 341 877 acies
358 817 414 877 iam
429 825 492 877 tum
509 818 621 895 spirare
635 823 764 893 putares.

151 910 232 983 parte
248 903 304 962 alia
321 903 424 981 polenos
440 902 560 963 extinxit
575 901 695 981 Cynthia
711 901 806 960 vultus

150 996 178 1049 et
192 989 289 1049 iucem
303 987 404 1048 sceleri
420 987 566 1048 subduxit.
592 994 678 1066 rupta
693 985 836 1046 tonabant

151 1074 310 1135 verticibus
325 1073 416 1153 lapsis
431 1073 542 1135 montis
558 1073 638 1150 iuga,
654 1090 709 1132 nec
724 1089 791 1149 vaga
808 1071 920 1152 passim

149 1161 268 1221 domina
286 1177 340 1240 per
353 1167 438 1220 notas
454 1158 535 1219 ibant
550 1158 701 1219 morientia
717 1156 806 1236 ripas.

149 1264 301 1306 armorum
319 1245 442 1324 strepitu
457 1245 567 1306 caelum
583 1243 654 1304 lorit
668 1252 698 1304 et
711 1244 779 1304 tuba
794 1242 914 1303 hlartem

150 1331 295 1393 sideribus
311 1329 479 1392 tremefacta
495 1331 563 1401 ciet,
578 1329 694 1408 iamque
709 1330 799 1389 Aetna
817 1335 934 1390 roratur

150 1417 265 1497 ignibus
282 1416 410 1478 insolitis
426 1423 454 1476 et
468 1416 498 1477 in
514 1416 628 1477 aethera
643 1414 764 1476 fulmina
780 1414 877 1476 mittit

150 1522 213 1564 ecce
228 1506 309 1566 iuter
323 1502 453 1564 tumulos
468 1510 553 1582 atque
568 1520 636 1562 ossa
651 1500 776 1562 carentia
792 1500 886 1562 bustis

149 1590 323 1650 umbrarum
338 1587 426 1649 iacies
442 1587 507 1649 diro
523 1587 650 1649 stridore
666 1585 823 1648 minantur.

149 1674 194 1736 lax
209 1675 305 1737 stellis
322 1673 458 1735 comitata
473 1673 558 1734 novis
572 1672 705 1734 incendia
720 1672 814 1744 ducit,

150 1760 370 1840 sanguineoque
383 1777 485 1821 recens
501 1759 653 1820 descendit
665 1757 796 1838 luppiter
809 1757 914 1819 imbre.

150 1846 219 1908 haec
234 1853 354 1908 ostenta
370 1845 450 1905 brevi
466 1845 552 1906 solvit
567 1844 648 1906 deus.
679 1844 774 1906 exsuit
788 1861 892 1906 omnes

152 1932 258 2012 quippe
273 1949 377 1993 moras
393 1931 511 2003 Caesar,
526 1931 728 2010 vindictaeque
742 1937 824 1992 actus
839 1947 940 1992 amore

152 2018 252 2080 Gallica
269 2017 408 2098 proiecit,
424 2016 513 2078 civilia
530 2016 648 2078 sustulit
662 2033 751 2077 arma.

189 2103 315 2184 Alpibus
330 2101 432 2174 aeriis,
446 2103 497 2164 ubi
512 2102 599 2164 Graio
615 2102 736 2163 nomine
751 2101 852 2182 pulsae

152 2189 332 2250 descendunt
345 2205 435 2268 rupes
449 2196 478 2249 et
492 2207 524 2249 se
539 2189 690 2268 patiuntur
705 2187 791 2261 adiri,

152 2282 193 2336 est
205 2275 291 2337 locus
308 2273 457 2335 Herculeis
473 2274 530 2335 aris
546 2293 641 2336 sacer:
658 2273 737 2334 hunc
750 2272 817 2334 nire
831 2273 903 2334 dura

153 2361 253 2422 claudit
268 2359 368 2422 hiems
383 2376 515 2439 canoque
530 2360 566 2422 ad
582 2359 677 2421 sidera
694 2357 895 2434 pertinetollit.

154 2447 259 2508 caelum
277 2445 359 2507 illinc
374 2445 514 2507 cecidisse
529 2453 630 2526 putes:
647 2463 708 2506 non
724 2445 795 2506 solis
811 2444 901 2505 adulti

155 2531 331 2594 mansuescit
344 2531 449 2605 radiis,
464 2549 526 2592 nou
541 2531 621 2593 rerui
635 2531 778 2610 temporis
793 2547 876 2602 aura,

153 2617 197 2678 sed
213 2618 307 2698 glacie
323 2625 456 2679 concreta
470 2617 568 2695 rigens
584 2615 747 2696 hiemisque
762 2615 895 2696 pruinis'

152 2709 239 2765 totum
255 2705 335 2765 ferre
350 2709 450 2783 potest
465 2703 574 2764 umeris
589 2701 792 2764 minitantibus
808 2702 919 2763 orbem.

152 2786 217 2850 hacc
230 2789 281 2851 uhi
299 2788 417 2859 calcarit
431 2787 538 2851 Caesar
552 2789 618 2868 iuga
633 2787 723 2850 milite
738 2788 811 2849 laeto

153 2875 316 2956 optavitque
331 2875 442 2943 locum,
458 2893 576 2936 summo
592 2875 628 2936 de
644 2873 749 2935 vertice
763 2873 874 2934 montis

153 2957 306 3040 Hesperiae
321 2979 442 3040 campos
458 2961 514 3022 late
529 2963 681 3040 prospexit
697 2966 726 3020 et
740 2959 841 3020 ambas

153 3042 296 3108 intentans
313 3065 378 3108 cum
394 3063 466 3107 voce
479 3063 585 3108 manus
601 3046 637 3107 ad
653 3045 748 3106 sidera
762 3044 849 3105 dixit:

133 3113 280 3210 “luppiter
295 3132 499 3211 omnipotens,
516 3139 545 3194 et
559 3139 604 3205 tu,
619 3131 755 3193 Saturnia
771 3130 886 3198 Tellus,

155 3217 237 3278 armis
252 3218 324 3280 laeta
340 3218 414 3278 meis
431 3217 560 3297 olimque
576 3225 697 3279 onorata
712 3215 883 3296 triumphis,

154 3305 256 3376 testor,
273 3303 309 3364 ad
325 3303 380 3363 has
396 3302 471 3364 acies
487 3303 610 3365 invitum
626 3319 775 3364 accersere
790 3301 925 3372 Martem,

155 3382 253 3449 invitas
268 3409 316 3450 me
330 3389 406 3450 ferre
421 3405 536 3450 manus.
566 3389 617 3450 sed
633 3388 751 3449 vulnere
765 3405 868 3466 cogor,

155 3472 251 3548 pulsus
265 3475 300 3536 ah
316 3475 387 3536 urbo
402 3493 479 3546 mea,
494 3476 565 3536 dum
580 3474 716 3536 Rhenum
733 3473 875 3554 sauguine
890 3471 1007 3550 tinguo,
1098 3486 1103 3500 ·

156 3554 219 3618 dum
235 3559 331 3622 Gallos
346 3560 452 3621 iterum
469 3560 606 3639 Capitolia
621 3567 722 3621 nostra
737 3567 869 3639 petentes

158 3641 271 3722 Alpibus
287 3645 427 3718 excludo,
443 3646 587 3708 vincendo
604 3645 711 3707 certior
725 3645 799 3706 exul.

158 3729 290 3806 sanguine
305 3732 451 3792 Germano
468 3732 673 3811 sexagintaque
687 3730 847 3810 triumphis

159 3830 217 3874 esse
230 3833 338 3878 nocens
354 3819 447 3897 coepi.
479 3835 655 3901 quamquam
672 3835 747 3897 quos
763 3815 852 3896 gloria
868 3821 968 3886 terret,

160 3904 205 3960 aut
217 3901 262 3988 qui
277 3911 347 3965 suut
362 3903 411 3984 qui
426 3903 498 3965 bella
514 3899 633 3964 rotant?
648 3900 832 3964 mercedibus
848 3906 963 3982 emptae
1072 3912 1120 3966 165
