2762 4344
530 258 673 311 sthnau

149 415 183 476 ad
200 414 336 494 praedam
353 414 567 493 strepitumque
582 414 654 476 lueri
669 414 805 494 sullragia
822 421 945 478 vertunt.

149 500 257 561 venalis
272 499 415 579 populus,
432 499 539 560 venalis
556 500 633 562 curia
649 509 774 580 patrum.

148 592 192 646 est
205 586 289 646 favor
303 584 332 644 in
348 584 452 664 pretio.
481 584 602 647 senibus
614 604 731 666 quoque
745 586 835 648 libera
850 587 941 649 virtus

147 669 305 743 exciderat,
322 669 493 750 sparsisque
509 671 616 749 opibus
632 689 771 734 conversa
787 679 931 751 potestas,

146 757 269 837 ipsaque
284 757 420 818 maiestas
436 775 507 817 auro
524 765 661 835 cormpta
676 757 795 818 iacebat.

146 843 263 922 pellitur
278 861 294 902 a
309 841 420 920 populo
435 841 528 903 victus
545 841 629 915 Cat03
643 843 755 904 tristior
769 842 816 903 ille
831 851 889 914 est,

146 928 193 1008 qui
209 927 295 1000 vicit,
310 927 463 1006 fascesque
478 927 570 1006 pudet
583 928 716 1006 rapuisse
730 929 840 990 Catoni.

149 1016 287 1093 [namque
301 1014 359 1073 hoc
375 1013 526 1074 dedecoris
542 1015 653 1092 populo
668 1033 844 1093 morumque
858 1017 952 1093 ruina]

147 1116 206 1160 non
222 1099 317 1159 homo
333 1098 436 1177 pulsus
453 1106 528 1171 erat,
544 1100 595 1160 sed
611 1100 641 1161 in
657 1118 716 1161 uno
732 1099 805 1161 victa
821 1108 952 1181 potestas

146 1185 375 1263 Romanumque
390 1183 489 1246 decus.
520 1203 607 1264 quare
622 1192 682 1246 tam
698 1184 812 1264 perdita
827 1185 920 1248 Roma

145 1270 206 1348 ipsa
224 1269 274 1330 sui
290 1287 402 1330 merces
418 1277 479 1332 erat
494 1278 524 1331 et
538 1269 600 1330 sine
616 1270 728 1332 vindice
742 1271 857 1350 praeda.

145 1364 297 1435 practerea
313 1354 430 1433 gemino
447 1356 621 1433 deprensam
638 1355 749 1435 gurgite
766 1355 877 1434 plebem

145 1441 276 1502 faenoris
293 1440 414 1501 inluvies
429 1459 560 1520 ususque
575 1442 711 1512 exederat
724 1441 809 1504 aeris.

145 1527 220 1589 nulla
237 1534 288 1586 est
302 1533 379 1588 certa
394 1526 516 1600 domus,
529 1527 641 1588 nullum
658 1528 722 1588 sine
738 1527 861 1606 pignore
876 1546 999 1609 corpus,

145 1613 194 1673 sed
210 1611 302 1674 veluti
316 1612 396 1674 tabes
411 1612 506 1673 tacitis
522 1621 661 1692 concepta
678 1613 811 1674 medullis

145 1697 218 1760 intra
233 1697 369 1760 membra
384 1698 486 1759 lurens
502 1700 579 1760 curis
594 1697 766 1760 latrantibus
782 1707 867 1762 errat

146 1804 225 1846 arma
241 1783 363 1863 placent
376 1784 507 1857 miseris,
524 1784 686 1863 detritaque
701 1785 857 1846 commoda
871 1785 941 1848 luxu

146 1869 318 1930 vulneribus
334 1877 515 1949 reparantur.
546 1869 633 1949 inops
649 1869 766 1932 andacia
782 1878 843 1932 tuta
857 1879 911 1934 est.

145 1955 200 2018 hoc
213 1973 347 2016 mersam
363 1973 452 2016 caeno
468 1955 592 2016 Romam
609 1973 775 2035 somnoque
789 1955 931 2018 iacentem

147 2060 217 2120 quae
233 2048 376 2122 poterant
390 2048 468 2101 artes
485 2057 555 2102 sana
570 2041 683 2102 ratione
698 2060 830 2112 movere,

145 2127 172 2189 ni
185 2127 275 2189 furor
289 2134 318 2187 et
331 2124 438 2186 bellum
454 2125 592 2206 ferroque
606 2127 696 2188 excita
711 2125 823 2188 libido?

187 2221 248 2274 tres
267 2211 374 2273 tulerat
388 2212 517 2273 Fortuna
534 2213 637 2286 duces,
653 2231 728 2292 quos
745 2213 842 2274 obmit
857 2230 960 2276 omnes

146 2317 298 2360 armorum
314 2305 394 2358 strue
408 2296 522 2358 diversa
535 2298 631 2360 feralis
647 2299 739 2379 Enyo.
913 2377 915 2382 Ι

146 2382 286 2446 Crassum
302 2382 427 2444 Parthus
443 2383 543 2457 habet,
559 2384 667 2464 Libyco
683 2385 756 2446 iacet
770 2401 897 2464 aequore
911 2383 1047 2465 Magnus,

147 2469 232 2532 lolius
247 2471 395 2548 ingratam
412 2469 539 2548 pertudit
552 2470 694 2547 sanguine
709 2470 847 2543 Romam,

151 2561 174 2615 et
186 2554 275 2635 quasi
290 2571 351 2614 non
368 2561 470 2634 posset
484 2562 529 2616 tot
542 2554 627 2616 tellus
641 2554 718 2618 ferre
732 2555 877 2634 sepulcra,

149 2637 241 2702 divisit
265 2640 387 2701 cineres.
417 2641 472 2701 hos
487 2639 581 2719 gloria
595 2640 691 2702 reddit
705 2641 845 2702 honores.

186 2734 231 2788 est
244 2727 333 2788 locus
348 2725 447 2788 exciso
463 2725 579 2805 penitus
595 2726 748 2788 demersus
763 2725 842 2788 hiatu

147 2810 354 2891 Parthenopen
371 2812 446 2872 inter
460 2829 639 2892 magnaeque
654 2811 842 2874 Dicarchidos
857 2832 938 2887 arva,

149 2895 242 2978 Cocyti
262 2897 399 2976 pertusus
415 2915 500 2976 aqua3
515 2915 583 2959 narn
600 2898 736 2978 spiritus,
751 2905 832 2959 extra

150 2983 297 3060 quisunt,
313 2983 424 3044 ellusus
439 2982 557 3044 lunesto
574 2983 721 3063 spargitur
735 2991 826 3044 aestu.
870 2996 873 3001 ’

149 3084 207 3127 non
223 3070 298 3130 haee
311 3074 454 3129 autumno
469 3069 553 3130 tellus
568 3068 643 3130 viret
661 3075 710 3130 aut
724 3068 774 3130 alit
787 3067 892 3129 herbas

150 3156 273 3233 caespite
288 3153 381 3215 laetus
398 3171 479 3232 ager,
493 3172 554 3215 non
570 3172 661 3216 verno
676 3172 802 3234 persona
818 3160 903 3216 cantu

152 3239 244 3300 mollia
260 3238 391 3300 discordi
406 3238 528 3319 strepitu
545 3239 667 3319 virgulta
682 3239 832 3313 locuntur,

152 3323 199 3383 sed
215 3325 305 3386 chaos
321 3332 350 3386 et
364 3324 448 3402 nigro
465 3325 624 3404 squalentia
640 3326 756 3406 pumice
772 3343 838 3387 saxa

152 3409 273 3486 gaudent
286 3409 366 3471 ferali
382 3410 492 3472 circum
507 3411 646 3474 tumulata
663 3429 815 3491 cupressu

151 3491 200 3553 has
215 3494 290 3556 inter
304 3495 390 3557 sedes
402 3495 476 3557 Ditis
491 3504 573 3577 pater
587 3496 687 3558 extulit
702 3515 751 3558 ora

153 3575 303 3642 hustomm
319 3580 445 3642 flammis
461 3589 490 3643 et
504 3599 575 3644 cana
590 3601 691 3662 sparsa
706 3581 816 3655 favilla,

130 3680 184 3760 “ac
197 3665 246 3726 tali
260 3666 408 3728 volucrem
424 3668 586 3729 Fortunam
602 3687 675 3729 voce
689 3665 820 3729 lacessit:

153 3764 246 3811 rerum
260 3752 455 3814 humanamm
472 3753 695 3833 divinarumque
708 3761 854 3834 potestas,

156 3831 240 3909 Fors,
257 3836 301 3898 cui
317 3837 394 3899 nulla
409 3838 503 3917 placet
517 3838 640 3900 nimium
658 3858 760 3901 secura
776 3846 919 3918 potestas,

156 3936 225 3996 quae
238 3940 310 3985 nora
327 3941 444 4010 semper
459 3943 540 3993 arnas
555 3932 584 3994 et
598 3943 667 3986 mox
684 3943 822 4010 possessa
837 3923 989 4008 relinquis,
