2762 4344
573 187 715 240 snmnnn
866 151 871 160 “
1154 189 1194 253 53

75 361 144 406 non
165 343 267 405 solum
287 361 360 403 voce
372 343 424 404 sed
436 342 524 403 etiam
536 342 681 404 manibus.
710 342 809 404 aderat
819 341 1012 422 interpellanti
1023 359 1195 404 mercenna-

76 432 143 492 rius
161 447 267 491 comes
283 435 313 490 et
326 446 403 490 unus
418 429 547 507 alterque
562 428 782 489 infirmissimus
794 435 904 502 vector,
921 429 1022 490 solatia
1033 428 1125 506 magis
1136 426 1194 490 litis

77 535 172 596 quam
189 515 296 576 virium
314 515 427 575 auxilia.
456 514 681 594 necquicquam
696 532 751 593 pro
768 533 814 574 me
830 514 1015 592 deprecabar,
1033 515 1084 576 sed
1097 514 1195 576 inten-

76 611 149 664 tans
171 603 205 662 in
227 601 330 661 oculos
351 600 541 680 Tryphaenae
560 618 665 661 manus
685 617 810 661 usumm
829 619 877 660 me
896 599 1005 662 viribus
1027 601 1099 661 meis
1120 601 1196 660 clara

76 689 243 766 liberaque,
261 705 333 746 voce
360 685 495 758 clamavi,
522 685 552 746 ni
578 685 737 747 abstineret
762 706 778 747 a
802 685 907 746 Gitone
932 686 1069 747 iniuriam
1092 686 1197 746 mulier

80 775 224 836 damnata
239 772 314 832 etin
328 777 392 832 toto
406 771 522 849 navigio
539 772 601 832 sola
616 772 802 833 verberanda.
825 772 993 833 accenditur
1004 771 1122 832 audacia
1134 788 1198 832 mea

80 860 187 920 iratior
203 858 325 930 Lichae,
346 856 570 936 indignaturque
591 858 672 935 quod
693 876 745 936 ego
764 857 863 918 relicta
883 876 948 918 mea
963 876 1067 919 caussa
1083 865 1197 918 tantum

83 964 139 1024 pro
160 944 220 1005 alio
244 944 348 1004 clamo.
385 961 439 1003 333
459 943 558 1003 minus
579 942 752 1023 Tryphaena
772 942 946 1005 contumelia
966 943 1057 1006 saevit
1076 959 1198 1004 accensa

84 1030 238 1108 totiusque
250 1028 356 1106 navigii
367 1029 483 1089 turbam
497 1027 608 1090 diducit
619 1030 648 1089 in
661 1035 767 1107 partes.
795 1028 863 1090 hinc
877 1028 1095 1091 mercennarius
1114 1031 1198 1106 [ton-

90 1117 148 1192 sor]
163 1117 346 1176 ferramenta
361 1133 413 1175 sna
428 1113 515 1175 nobis
530 1113 633 1194 etipse
644 1123 773 1176 armatus
786 1114 941 1189 distribuit,
957 1115 1035 1176 illinc
1046 1114 1197 1194 Tryphae-

91 1220 145 1262 nae
155 1201 267 1262 lamilia
283 1201 377 1260 nudas
393 1200 509 1279 expedit
523 1218 638 1261 manus.
668 1219 701 1261 33
721 1218 758 1261 33
772 1199 938 1261 ancillarum
955 1201 1072 1280 quidem
1089 1202 1199 1262 clamor

86 1288 178 1348 aciem
193 1286 340 1358 destituit,
360 1302 420 1346 uno
439 1293 553 1346 tantum
571 1285 765 1366 gubernatore
780 1286 949 1347 relicturum
966 1305 998 1347 se
1012 1286 1093 1348 navis
1109 1284 1198 1346 mini-

85 1374 210 1450 sterium
226 1372 429 1446 denuntiante,
450 1372 474 1432 si
490 1389 551 1438 333
567 1373 682 1433 desinat
696 1373 791 1434 rabies
806 1371 924 1432 libidine
938 1372 1119 1452 perditorum
1137 1371 1198 1432 col-

85 1459 169 1520 lecta.
201 1458 294 1518 nihilo
314 1458 414 1518 minus
432 1465 531 1518 tamen
552 1467 717 1537 perseverat
741 1457 941 1518 dimicantium
956 1457 1054 1530 furor,
1070 1458 1126 1518 illis
1142 1474 1196 1536 pro

87 1545 211 1619 ultione,
227 1543 316 1604 nobis
331 1561 386 1622 pro
401 1541 457 1604 vita
472 1544 680 1622 pugnantibus.
703 1544 786 1605 multi
799 1561 868 1622 ergo
880 1543 1017 1623 utrinque
1028 1544 1092 1605 sine
1103 1550 1198 1604 morte

87 1631 243 1704 labuntur,
263 1629 363 1709 plures
385 1629 495 1689 cruenti
515 1629 684 1690 vulneribus
705 1630 835 1690 referunt
855 1629 939 1690 veluti
959 1649 994 1690 ex
1017 1630 1128 1709 proelio
1144 1648 1198 1708 pe-

89 1717 171 1790 dem,
194 1734 251 1776 nec
265 1722 364 1775 tamen
384 1714 556 1793 cuiusquam
571 1715 613 1776 ira
628 1716 749 1777 laxatur.
778 1724 849 1776 tunc
862 1715 1043 1777 fortissimus
1059 1715 1148 1777 Giton
1163 1714 1199 1776 ad

86 1802 178 1862 virilia
195 1820 252 1862 sua
268 1799 398 1861 admovit
410 1801 582 1861 novaculam
596 1800 743 1873 infestam,
759 1801 886 1862 minatus
898 1820 931 1862 se
943 1801 1141 1862 abscissurum
1154 1806 1200 1861 tot

87 1888 277 1949 miseriarum
293 1903 437 1959 caussam,
448 1885 631 1964 inhibuitque
642 1886 813 1966 Tryphaena
824 1893 883 1947 3333
895 1887 1002 1966 grande
1012 1887 1126 1948 lacinus
1138 1903 1200 1947 non

91 1973 278 2036 dissimulata
293 1971 443 2034 missione.
472 1972 589 2051 saepius
609 1990 663 2050 ego
688 1973 814 2034 cultrum
830 1972 997 2034 tonsorium
1009 1991 1099 2052 super
1113 1971 1198 2049 iugu-

89 2061 147 2122 lum
163 2077 267 2120 meum
282 2057 382 2136 posui,
398 2075 459 2118 non
474 2058 566 2135 magis
581 2077 629 2118 me
644 2057 810 2130 occisurus,
825 2076 911 2136 quam
929 2059 1030 2130 Giton,
1047 2057 1125 2138 quod
1142 2056 1199 2117 mi-

89 2146 228 2218 nabatur,
248 2144 387 2204 facturus.
418 2142 555 2204 audacius
574 2151 672 2204 tamen
692 2143 738 2204 ille
757 2143 935 2222 tragoediam
959 2143 1111 2222 implebat,
1132 2142 1199 2222 quia

91 2232 202 2293 sciebat
216 2249 250 2290 se
265 2228 343 2290 illam
358 2227 467 2288 habere
481 2229 662 2302 novaculam,
678 2248 735 2308 qua
749 2229 805 2291 iam
822 2228 878 2289 sibi
895 2229 1035 2289 cervicem
1050 2228 1199 2308 praecide-

91 2326 142 2380 rat.
188 2322 287 2378 stante
308 2332 377 2392 ergo
397 2321 519 2392 utraque
538 2314 612 2388 acie,
633 2333 700 2374 cum
723 2322 876 2394 appareret
889 2313 1021 2375 futurum
1036 2333 1097 2376 non
1112 2315 1199 2376 trala-

89 2404 189 2463 ticium
205 2401 328 2473 bellum,
351 2417 434 2477 aegre
450 2399 625 2478 expugnavit
643 2400 834 2479 gubernator,
854 2407 887 2460 ut
902 2399 1100 2462 caduceatoris
1116 2419 1200 2461 more
1275 2447 1280 2458 ,

95 2488 264 2566 Tryphaena
286 2485 412 2546 indutias
431 2484 546 2546 laceret.
576 2485 640 2546 data
661 2505 729 2564 ergo
751 2492 926 2565 acceptaque
946 2505 982 2546 ex
1002 2505 1086 2547 more
1105 2486 1199 2565 patrio

96 2572 152 2632 fide
165 2571 314 2652 protendit
327 2588 443 2631 ramum
458 2570 548 2631 olivae
562 2590 577 2631 a
589 2572 677 2632 tutela
690 2571 793 2650 navigii
804 2578 937 2651 raptum,
957 2579 1044 2651 atque
1060 2572 1090 2633 in
1108 2571 1200 2634 collo-

90 2677 191 2739 quium
212 2676 312 2718 33333
327 2675 397 2717 3333

216 2735 300 2822 ‘quis
315 2732 409 2803 luror'
426 2742 566 2802 exclamat
576 2732 695 2822 ‘pacem
710 2741 853 2804 convertit
867 2743 897 2802 in
912 2741 1015 2804 arma?

239 2829 306 2907 quid
322 2834 442 2888 nostrae
457 2845 591 2888 meruere
607 2825 734 2889 manus?
764 2847 824 2889 non
841 2827 948 2890 Troius
963 2830 1052 2890 heros

236 2913 335 2976 bacin
350 2914 440 2974 classe
454 2912 533 2973 vehit
547 2913 657 2992 decepti
674 2914 781 2994 pignus
798 2912 928 2986 Atridae,

237 3018 293 3061 nec
307 3000 404 3060 Medea
418 2999 521 3060 furens
535 2999 664 3060 fraterno
681 2999 823 3078 sanguine
838 3006 957 3078 pugnat.

238 3086 290 3146 sed
306 3091 493 3164 contemptus
510 3103 594 3146 amor
608 3085 684 3147 vires
699 3085 795 3146 habet.
826 3084 852 3144 ei
866 3083 938 3145 mihi
952 3084 1011 3145 lata
1117 3101 1132 3149 5

236 3171 293 3232 hos
309 3171 504 3232 intertinctus
521 3171 586 3249 quis
601 3171 692 3251 raptis
708 3178 810 3232 evocat
823 3167 936 3232 armis?

239 3257 285 3318 cui
300 3275 361 3317 non
377 3264 422 3318 est
436 3275 519 3317 mors
534 3275 593 3317 una
609 3254 703 3319 satis?
733 3275 770 3318 ne
785 3256 891 3318 vincite
905 3263 1029 3335 pontum

238 3343 457 3422 gurgitibusque
470 3342 540 3403 feris
556 3343 627 3404 alios
642 3342 790 3404 immittite
805 3334 930 3402 tinctus?

176 3429 251 3489 haec
268 3436 302 3489 ut
319 3428 436 3489 turbato
457 3429 583 3489 clamore
603 3429 707 3490 mulier
722 3427 835 3502 effudit,
855 3427 948 3489 haesit
962 3426 1111 3508 paulisper
1125 3427 1199 3488 acies
1211 3427 1271 3490 109

90 3521 304 3592 revocataeque
323 3514 359 3574 ad
377 3533 480 3594 pacem
502 3533 607 3576 manus
627 3515 810 3576 intermisere
829 3513 947 3575 bellum.
985 3513 1077 3576 utitur
1096 3512 1200 3591 poeni-

90 3600 200 3662 tentiae
222 3599 378 3661 occasione
396 3601 454 3661 dux
470 3600 632 3680 Eumolpos
652 3609 680 3662 et
699 3600 840 3679 castigato
860 3606 925 3660 ante
945 3597 1200 3660 vehementissime

94 3687 181 3747 Licha
196 3685 312 3746 tabulas
326 3685 453 3748 foederis
469 3687 574 3764 signat,
591 3686 656 3766 quis
672 3687 743 3748 haec
757 3687 884 3748 formula
900 3694 974 3746 erat:
988 3675 1037 3744 ‘ex
1053 3683 1095 3744 tui
1110 3681 1200 3743 animi

93 3771 253 3844 sententia,
276 3778 309 3831 ut
327 3777 374 3846 tu,
395 3772 578 3851 Tryphaena,
600 3790 695 3852 neque
714 3771 849 3833 iniuriam
870 3771 922 3832 tibi
940 3771 1045 3831 factam
1062 3787 1079 3828 a
1094 3768 1201 3829 Gitone

93 3857 239 3938 quereris,
261 3875 358 3937 neque
378 3857 403 3918 si
422 3857 490 3936 quid
511 3865 577 3919 ante
591 3857 671 3920 huuc
685 3857 762 3920 diem
777 3859 884 3920 lactum
901 3862 959 3929 est,
981 3852 1090 3916 obicies
1105 3852 1203 3930 vindif
