2762 4344
112 279 116 286 .
174 238 216 302 20
650 231 806 288 rnvaonn

174 397 273 472 potest
287 389 395 464 aliern,
417 388 492 451 sicut
506 387 552 451 ille
566 388 704 452 fericulus
719 389 777 451 iam
791 387 895 450 habuit
908 387 1031 467 praxim.
1063 386 1157 450 caelus
1172 387 1235 464 hic,
1253 388 1287 450 in

176 495 234 557 quo
252 473 406 537 duodecim
422 474 460 537 dii
475 473 614 551 habitant,
629 475 659 536 in
673 475 797 536 totidem
814 493 845 535 se
861 475 968 552 ligauas
982 473 1132 546 convertit,
1149 473 1285 536 etmodc

176 563 208 622 tit
224 563 309 624 aries.
338 561 434 640 itaque
453 560 584 641 quisquis
605 561 735 622 nascitur
755 559 802 621 illo
808 559 924 640 signo,
944 560 1036 620 multa
1006 565 1164 640 tpeoora
1184 558 1286 634 habet,

174 648 299 708 multum
315 645 395 706 lanae
402 654 517 726 ,caput
534 654 685 744 praeterea
700 646 815 720 durum,
828 645 956 707 frontem
972 645 1197 742 enpudoratam,
1215 663 1286 706 cor·

174 749 246 794 num
268 737 393 794 acutum.
423 731 541 811 plurimi
560 732 617 793 hoc
637 732 721 809 signo
743 729 910 792 scholastici
925 731 1051 792 nas'ount
1052 749 1087 792 ur
1108 738 1136 790 et
1150 730 1225 791 ariet
1212 722 1287 792 tilii?

173 818 325 880 laudamus
352 816 497 878 urbanitat
485 825 544 878 tem
574 815 740 878 mathemat'
720 817 783 892 troi3
816 815 911 894 itaque
940 815 1056 877 adiecit:
1083 807 1206 877 deinde
1234 823 1287 876 to-

174 911 222 965 tos
243 902 336 964 caelus
355 903 487 964 taurulus
507 902 600 964 fitit
577 910 675 982 itaque
695 909 767 963 tuno
787 901 932 964 calcitrosi
947 907 1108 963 nascuntur
1122 907 1151 962 et
1164 900 1286 963 bubulci

175 988 272 1067 etqui
294 1007 327 1049 se
344 986 402 1066 ipsi
417 993 549 1068 pascunt.
579 987 609 1049 in
624 987 747 1068 geminis
762 994 811 1048 aut
813 1007 859 1048 em
874 994 1000 1049 noscunt
1000 1005 1035 1048 ur
1048 987 1132 1066 bigae
1147 993 1177 1048 et
1191 985 1285 1048 hoves

174 1081 203 1136 et
223 1073 295 1136 colei
316 1079 345 1134 et
359 1073 408 1153 qui
426 1079 567 1153 utrosque
587 1074 713 1153 parietes
732 1073 836 1135 linunt.
866 1073 896 1133 in
912 1089 1015 1134 canoro
1032 1089 1086 1150 ego
1101 1078 1189 1133 natus
1205 1091 1284 1135 sum.

174 1161 239 1220 ideo
254 1158 352 1220 multis
368 1158 492 1238 pedihus
515 1166 560 1220 sto
582 1159 656 1220 etin
670 1158 745 1220 mari
759 1159 832 1219 etin
846 1165 924 1220 terra
939 1157 1030 1220 multa
1044 1157 1197 1237 possideo;
1213 1176 1285 1220 nam

128 1317 131 1324 ¹
174 1263 277 1307 cancer
293 1250 321 1304 et
335 1244 393 1305 hoo
408 1250 436 1304 et
450 1243 516 1305 illoc
531 1244 660 1324 quadrat.
690 1251 719 1305 et
733 1243 797 1305 ideo
813 1244 871 1304 iam
887 1243 997 1305 dudum
1013 1242 1085 1304 nihil
1098 1261 1187 1322 super
1199 1243 1285 1305 illum
1339 1263 1342 1269 ·

174 1330 275 1411 posui,
297 1348 334 1390 ne
351 1329 480 1408 genesim
497 1347 592 1391 meam
609 1349 782 1409 premerem.
808 1329 839 1390 in
858 1329 943 1390 leone
964 1329 1138 1407 cataphagae
1153 1345 1285 1392 nascun-

174 1425 223 1477 tur
238 1423 267 1476 et
281 1414 447 1494 imperiosi;
467 1414 496 1475 in
512 1415 622 1493 virgine
638 1415 774 1477 mulieres
792 1421 821 1476 et
835 1413 947 1494 fugitivi
962 1421 991 1475 et
1006 1413 1179 1494 compediti;
1199 1415 1232 1476 in
1247 1415 1284 1476 li-

174 1502 226 1562 bra
240 1499 372 1562 laniones
388 1506 416 1560 ct
431 1499 613 1578 unguentarii
629 1508 657 1562 et
671 1500 835 1580 quicunque
847 1499 953 1580 aliquid
965 1499 1136 1578 expediunt3
1151 1499 1182 1560 in
1198 1519 1284 1562 scor-

175 1586 262 1664 pione
281 1584 426 1644 venenarii
443 1591 472 1645 et
486 1603 694 1664 percussores;
713 1585 744 1646 in
760 1585 909 1663 sagittario
926 1584 1095 1659 strabones,
1118 1585 1167 1664 qui
1182 1585 1284 1648 holera

176 1676 324 1750 spectant,
351 1669 463 1729 lardum
483 1668 602 1743 tollunt3
628 1671 657 1732 in
679 1670 850 1751 capricorno
874 1669 1056 1744 aerumnosi,
1084 1669 1190 1750 quibus
1212 1691 1284 1751 prae

175 1756 248 1818 mala
268 1773 321 1816 sna
343 1772 453 1816 cornua
472 1762 646 1830 nascuntur3
666 1755 696 1817 in
716 1756 837 1836 aquario
859 1774 990 1836 copones
1006 1763 1035 1817 et
1050 1755 1232 1831 cucurbitam
1253 1757 1284 1819 in

174 1840 304 1987 ptiscibus
325 1839 519 1900 obsonatores
540 1847 568 1902 et
582 1840 724 1902 rhetores.
755 1841 797 1902 sic
812 1841 891 1902 orbis
906 1840 1027 1903 vertitur
1040 1847 1179 1921 tanquam
1195 1843 1285 1917 mola,

175 1935 336 2004 etsemper
351 1925 456 2021 aliquid
472 1924 539 1985 mali
553 1927 634 2003 facit,
650 1933 682 1987 ut
696 1926 831 1988 homines
847 1933 898 1987 aut
911 1933 1034 1988 nascant
1035 1944 1071 1988 ur
1085 1933 1135 1988 aut
1150 1936 1282 2006 pereant

175 2011 254 2090 quod
275 2017 371 2072 autem
392 2010 421 2070 in
442 2009 538 2072 medic
560 2010 718 2091 caespitem
735 2011 836 2074 videtis
852 2018 881 2072 et
895 2029 984 2091 supra
1000 2011 1158 2090 caespitem
1172 2012 1284 2087 favum,

174 2097 247 2159 nihil
267 2096 331 2158 sine
349 2094 464 2157 ratione
477 2095 564 2157 facio.
594 2104 671 2158 terra
686 2104 780 2160 mater
794 2105 839 2158 est
852 2097 882 2157 in
826 2096 995 2158 tmedio
1011 2095 1093 2199 quasi
1110 2117 1197 2160 ovum
1214 2117 1283 2160 eor-

174 2183 340 2255 rotundata,
355 2188 384 2242 et
399 2180 497 2243 omnia
511 2181 611 2243 bona'
603 2200 633 2244 ιιι
649 2201 680 2244 se
694 2183 782 2245 habet
770 2189 934 2263 ttanquam
947 2173 1052 2243 favos.³

120 2274 159 2332 40
255 2229 399 2347 ‘sophos'
411 2265 538 2328 universi
560 2267 718 2330 clamamus
739 2275 767 2329 et
787 2267 890 2330 sublat
869 2276 907 2329 trs
928 2267 1062 2328 manibus
1084 2267 1120 2330 ad
1136 2281 1284 2330 camaram

175 2353 304 2414 iuramus
327 2351 526 2431 Hipparchum
547 2353 727 2450 Aratumque
753 2353 968 2432 comparandos
994 2352 1033 2413 illi
1058 2353 1194 2415 homines
1221 2371 1283 2415 non

174 2438 274 2510 fuisse,
295 2436 390 2498 donec
405 2436 584 2498 advenerunt
598 2437 725 2498 ministri
741 2456 774 2498 ao
788 2435 890 2499 toralia
904 2446 1164 2517 praeposueruntt
1165 2438 1236 2512 oris,
1251 2439 1284 2501 in

175 2521 281 2602 quibus
301 2521 371 2582 retia
391 2527 473 2582 erant
491 2521 567 2601 picta
587 2522 833 2601 subsessoresque
848 2541 915 2584 oum
930 2522 1077 2584 venabulis
1091 2531 1120 2584 et
1133 2530 1216 2584 totus
1232 2543 1282 2586 ve-

175 2606 301 2669 nationis
318 2612 484 2685 apparatus.
508 2607 634 2668 necdum
650 2605 824 2681 sciebamus,
840 2625 894 2687 qao
907 2606 1087 2670 mitteremus
1099 2609 1278 2688 suspitiones

175 2699 308 2764 nostras,
331 2708 398 2751 oum
418 2697 498 2752 extra
518 2690 674 2753 trichuium
696 2693 806 2754 clamor
821 2693 951 2754 sublatus
968 2699 1012 2754 est
1026 2693 1146 2772 ingens,
1168 2702 1197 2756 et
1217 2714 1279 2756 ecce

175 2794 262 2838 canes
279 2775 413 2837 Laconici
429 2775 514 2836 etiam
530 2775 606 2838 circa
620 2795 752 2839 mensam
769 2777 931 2840 discurrere
947 2787 1114 2858 coeperunt.
1145 2788 1281 2842 secutum

175 2870 221 2922 est
234 2863 291 2922 hos
306 2859 525 2940 repositorium,
541 2861 571 2921 in
584 2880 642 2940 quo
654 2863 770 2942 positus
783 2871 844 2925 erat
854 2864 966 2944 primae
977 2864 1188 2942 magnitudinis
1202 2867 1282 2945 ap'er,

174 2947 334 3027 etquidem
350 2945 496 3026 pilleatus,
519 2946 633 3008 ecuius
653 2947 789 3010 dentibus
811 2950 965 3030 sportellae
984 2949 1190 3029 dependebant
1209 2952 1284 3014 duae

174 3032 310 3112 palmulis
325 3039 427 3105 textae,
443 3031 530 3094 altera
543 3033 676 3112 caryotis,
693 3034 780 3096 altera
795 3034 935 3097 thebaicis
951 3035 1068 3114 repleta.
1090 3034 1170 3096 circa
1183 3043 1283 3098 autem

174 3119 303 3180 minores
323 3117 445 3197 porcelli
465 3137 499 3178 ex
522 3118 750 3199 coptoplacentis
770 3119 852 3194 facti,
877 3120 960 3200 quasi
979 3120 1120 3182 uberibus
1141 3121 1283 3183 immine-

174 3210 253 3275 rent,
275 3203 402 3265 sorcfam
422 3221 486 3263 esse
500 3203 628 3282 positam
645 3203 853 3283 significabant.
883 3213 912 3267 et
926 3205 957 3266 hi
972 3205 1090 3285 quidem
1106 3207 1283 3286 apophoreti

173 3287 302 3349 fuerunt.
334 3295 460 3349 ceterum
481 3289 517 3350 ad
538 3289 731 3350 scindendum
752 3309 856 3370 aprum
877 3309 937 3353 non
957 3288 1002 3352 ille
1018 3290 1130 3372 Carpus
1146 3292 1281 3367 accessit,

174 3373 222 3452 qui
238 3372 322 3433 altilia
337 3372 522 3446 laceraverat,
540 3374 591 3436 sed
606 3373 745 3436 barbatus
761 3375 874 3454 ingens,
888 3375 987 3438 fasciis
1003 3377 1165 3439 cruralibus
1181 3377 1283 3456 alliga-

173 3465 221 3519 tus
237 3465 265 3518 et
253 3457 379 3518 talioula
395 3458 573 3536 subornatus
588 3459 738 3540 polymita,
754 3459 914 3541 strictoque
929 3462 1078 3523 venatorio
1095 3463 1188 3524 cultro
1205 3463 1280 3525 latus

174 3562 237 3623 aprr
229 3542 437 3604 vehementer
451 3545 605 3623 percussit,
621 3565 656 3606 er
671 3546 753 3607 cuius
768 3546 880 3626 plagat
867 3547 945 3609 turdi
965 3547 1156 3610 evolaverunt.
1187 3549 1282 3627 parati

174 3647 302 3719 aucupes
318 3645 384 3690 oum
400 3628 613 3691 harundinibus
628 3631 748 3693 luerunt
762 3638 790 3692 et
805 3649 857 3692 eos
873 3632 946 3694 circa
958 3630 1115 3694 triclinium
1127 3633 1281 3696 volitantes

173 3713 324 3776 momento
340 3722 524 3817 exceperunt
503 3713 622 3776 tinde
638 3735 704 3777 cum
722 3735 808 3779 suum
825 3716 928 3797 cuique
943 3716 1079 3779 iussisset
1093 3718 1194 3780 referri
1211 3718 1279 3780 Tri-

173 3799 298 3861 malohio
314 3799 428 3861 adiecit:
441 3789 539 3862 ‘etiam
555 3800 657 3875 videte,
672 3819 762 3901 quam
776 3819 884 3882 porcus
899 3801 945 3864 ille
961 3802 1107 3866 silvaticus
1122 3809 1214 3866 totam
1227 3824 1281 3866 oo-

172 3885 295 3948 mederit
308 3878 464 3967 glandem'.
487 3893 545 3948 stat
546 3885 586 3947 im
598 3905 682 3967 puerr
674 3886 729 3950 ad
742 3885 894 3969 sportellas
906 3896 1101 3964 accesserunt,
1119 3909 1191 3970 qnae
1202 3906 1280 3970 pen-
