2762 4344
209 224 251 290 34
683 221 840 275 rnrnomr

208 379 291 460 gulis.
318 396 384 440 com
400 379 495 440 adhue
509 373 658 457 capillatus
674 395 781 451 essem,
797 395 864 438 nam
882 396 897 438 a
913 393 1005 456 puero
1017 377 1105 438 vitam
1117 375 1218 438 Chiam
1230 378 1313 456 gessi,

158 518 162 526 .
208 466 307 545 ipsimi
321 466 417 527 nostri
433 464 569 526 delicatus
586 464 719 539 decessit,
734 463 915 525 mehercules
931 464 1130 541 margaritum,
1147 463 1273 525 caccitos
1289 473 1314 524 et

209 551 342 613 omnium
357 569 522 614 numerum.
554 569 621 612 cum
638 567 708 629 ergo
724 550 804 611 illum
820 556 913 610 mater
927 549 1037 610 misella
1054 549 1204 628 plangeret
1218 556 1246 610 et
1261 568 1313 612 nos

208 644 272 699 ιιιιιι
284 637 382 717 plures
394 638 423 698 in
435 637 614 699 tristimonio
627 655 769 711 essemus,
784 635 881 696 subito
895 636 1001 714 strigae
1012 636 1134 696 stridere
1146 643 1314 715 coeperunt3

208 730 327 804 putares
341 741 442 786 canem
454 725 584 803 leporem
597 723 743 803 persequi.
767 721 947 784 habebamus
959 729 1029 782 tunc
1041 721 1194 782 hominem
1206 723 1316 802 Cappa-

210 811 322 882 docem,
339 809 471 890 longum,
488 810 568 870 valde
583 809 756 876 audaculum
772 816 801 869 et
813 809 862 888 qui
873 807 985 870 valebat
998 809 1130 887 [poterat]
1144 807 1249 870 bovem
1260 809 1314 869 ira-

208 903 271 958 tum
292 896 401 958 tollere.
433 896 480 956 hic
499 897 635 960 audacter
655 895 756 956 stricto
778 894 873 974 gladio
894 901 974 954 extra
995 894 1104 954 ostium
1125 896 1315 973 procucurrit,

208 982 336 1044 involuta
356 981 474 1043 sinistra
494 999 584 1042 manu
604 981 735 1054 curiose,
756 988 785 1041 et
804 979 956 1040 mulierem
972 987 1109 1059 tanquam
1125 981 1264 1042 hocloco
1279 1017 1315 1026 -

210 1068 321 1130 salvum
338 1069 377 1129 sit
392 1067 470 1146 qood
487 1074 575 1146 tango
591 1101 632 1112 -
647 1066 773 1128 mediam
789 1066 908 1127 traiecit.
938 1065 1074 1127 audimus
1091 1065 1242 1145 gemitum,
1261 1067 1316 1140 sed,

208 1153 296 1235 plane
311 1172 372 1215 non
388 1153 527 1227 mentiar,
547 1153 627 1233 ipsas
649 1171 711 1214 non
730 1151 865 1214 vidimus
895 1151 966 1213 baro
987 1159 1083 1213 autem
1103 1160 1207 1214 noster
1226 1153 1316 1214 intro-

210 1258 313 1302 versus
331 1259 362 1300 se
377 1239 500 1319 proiecit
519 1239 672 1300 inlectam
688 1245 717 1300 et
731 1257 838 1320 corpus
854 1245 949 1298 totum
965 1237 1084 1299 lividum
1100 1237 1224 1300 babebat
1238 1241 1316 1319 quasi

208 1325 328 1406 flagellis
343 1343 461 1396 caesus,
478 1325 546 1405 quia
561 1325 671 1386 scilicet
684 1324 767 1386 illum
783 1325 916 1403 tetigerat
930 1323 1004 1384 mala
1020 1339 1134 1386 manus.
1166 1342 1223 1386 nos
1239 1326 1317 1386 cluso

209 1411 286 1474 ostio
302 1411 431 1473 redimus
453 1413 558 1472 iterum
579 1412 613 1472 ad
636 1411 779 1484 officium,
800 1413 850 1472 sed
868 1429 934 1474 cum
951 1417 1043 1472 mater
1059 1410 1238 1489 amplexaret
1253 1431 1318 1472 cor-

208 1515 265 1578 pus
281 1497 332 1559 filii
347 1498 407 1569 sui,
423 1497 516 1575 tangit
530 1505 558 1558 et
572 1496 651 1557 videt
665 1497 861 1559 manuciolum
877 1497 912 1557 de
927 1498 1094 1558 stramentis
1109 1497 1231 1558 factum.
1262 1515 1317 1558 non

210 1602 262 1644 cor
277 1582 410 1655 habebat,
426 1601 487 1644 non
499 1583 645 1656 intestina,
663 1601 724 1642 non
736 1583 907 1662 quicquam:
924 1582 1034 1643 scilicet
1045 1583 1102 1642 iam
1115 1601 1240 1663 puerum
1254 1583 1318 1644 stri·

210 1687 261 1748 gae
279 1669 480 1729 involaverant
499 1676 528 1729 et
546 1675 768 1747 supposuerant
788 1667 1016 1729 stramenticium
1038 1675 1220 1730 vavatonem.
1250 1689 1317 1747 rogo

208 1773 278 1827 vos,
301 1761 419 1834 oportet
435 1755 572 1828 credatis,
590 1760 659 1814 sunt
673 1753 810 1815 mulieres
827 1753 984 1834 plussciae,
1008 1761 1077 1814 sunt
1097 1761 1276 1829 nocturnae,
1295 1763 1320 1814 et

211 1840 288 1920 quod
310 1859 429 1902 sursum
445 1847 503 1913 est,
524 1802 663 1900 debrsum
682 1839 802 1900 faciunt.
782 1847 960 1900 toeterum
980 1838 1052 1900 baro
1072 1839 1118 1900 ille
1131 1840 1240 1918 longus
1256 1849 1320 1919 post

210 1927 267 1987 hoc
280 1926 389 1988 factum
406 1943 558 2029 nunquam
575 1925 682 1988 coloris
699 1944 744 1986 sur
738 1924 822 1998 fuit,
802 1926 929 1986 timmo
945 1932 1016 2004 post
1030 1943 1141 2005 paucos
1158 1926 1223 1986 dies
1236 1928 1319 2005 phre-

211 2012 324 2074 neticus
341 2003 443 2092 periit'

154 2107 194 2169 64
295 2098 437 2160 miramur
455 2114 511 2159 nos
532 2104 560 2159 et
578 2096 687 2178 paritor
707 2096 869 2174 credimus,
891 2097 1011 2158 osculat'
990 2103 1071 2176 itque
1086 2115 1223 2160 mensam
1238 2116 1364 2177 roga-

210 2202 277 2247 mus
293 2185 467 2261 Nocturnas,
483 2191 515 2246 ιιι
503 2184 591 2246 tsuis
608 2202 640 2244 se
655 2183 770 2246 sedibus
784 2190 909 2254 teneant,
927 2183 996 2244 dum
1012 2183 1142 2244 redimus
1159 2204 1175 2246 a
1192 2203 1265 2246 cena

295 2364 324 2416 et
343 2374 413 2418 sane
433 2355 488 2418 iam
508 2357 644 2417 lucernae
662 2354 734 2415 mihi
753 2355 851 2435 plures
866 2354 1001 2417 ridebant
989 2362 1037 2416 tur
1052 2355 1155 2416 ardere
1169 2362 1216 2416 tot
1203 2363 1322 2447 tumque

209 2439 367 2502 triclinium
383 2461 448 2503 esse
459 2449 613 2514 mutatum
631 2459 696 2501 cum
710 2434 908 2501 Trimalchio‘
910 2441 962 2501 rbi
974 2431 1068 2501 dico
1061 2440 1155 2520 mquit
1142 2434 1322 2514 t‘Pld'came,

211 2525 282 2587 nihil
298 2525 422 2588 narras?
438 2527 509 2588 nihil
524 2545 580 2588 nos
597 2524 801 2586 delectaris‘le
803 2526 944 2587 tsolebas
960 2527 1076 2588 suavius
1093 2545 1173 2598 esse,
1189 2527 1264 2589 belle
1279 2528 1321 2588 di-

211 2611 308 2673 verbia
323 2612 428 2685 dicere,
442 2612 543 2672 melica
556 2611 711 2672 canturire.
733 2611 791 2671 heu
800 2613 866 2686 heu,
878 2612 977 2673 abistis
990 2613 1079 2673 dulcis
1092 2605 1226 2675 caricae’
1247 2603 1320 2672 iam'
1364 2613 1365 2648 l

211 2697 307 2777 inquit
321 2688 550 2777 ille‘quadrigae
566 2715 647 2758 meae
663 2697 898 2770 decucurrerunt,
913 2717 947 2759 ex
962 2717 1020 2778 quo
1037 2698 1217 2778 podagricus
1233 2700 1322 2760 lactus

212 2801 287 2844 sum
319 2783 445 2863 alioquin
461 2802 528 2844 cum
544 2801 639 2844 essem
656 2783 824 2844 adulescent
826 2783 906 2855 ulus,
929 2792 994 2844 cant
982 2785 1071 2844 tando
1087 2801 1180 2863 paene
1195 2785 1323 2863 phthisi-

211 2888 262 2930 cus
289 2870 381 2930 lactus
408 2887 483 2929 sum.
519 2870 588 2948 quid
609 2865 735 2930 saltare?
762 2870 831 2948 quid
852 2867 1002 2930 diverbia?
1029 2870 1097 2948 quid
1118 2865 1323 2932 tonstrinum?

211 2965 299 3034 quem
315 2974 415 3035 parem
428 2955 525 3030 habui,
542 2955 598 3016 nisi
611 2973 701 3016 unum
713 2955 825 3033 Apellet
813 2947 908 3015 temi’
933 2955 1126 3034 appositaque
1138 2955 1172 3016 ad
1187 2975 1222 3016 os
1235 2973 1325 3016 manu

210 3041 310 3103 nescio
327 3041 394 3120 quid
411 3048 534 3102 taetrum
549 3041 699 3112 exibilavit,
716 3041 793 3117 quod
806 3048 876 3119 post
864 3041 1060 3102 t·G1eaaecum
1073 3060 1138 3102 esse
1150 3041 1326 3103 affirmabat.

292 3145 347 3188 neo
358 3144 420 3187 non
430 3127 625 3188 Trimalchio'
618 3144 682 3204 ipse
695 3134 782 3186 cumt
770 3125 915 3187 tubicines
927 3134 1004 3188 esset
1015 3127 1078 3187 imit
1080 3146 1095 3188 a
1097 3129 1198 3201 tus,ad
1209 3127 1326 3189 delicias

212 3229 279 3273 suas
294 3213 431 3293 respexit,
447 3231 534 3291 quem
550 3211 690 3272 Croesum
704 3211 874 3291 appellabat.
904 3231 979 3292 puer
991 3219 1087 3273 autem
1097 3213 1209 3293 lippus,
1227 3213 1327 3275 sordi-

211 3297 340 3358 dissimis
356 3297 506 3373 dentibus,
527 3298 655 3360 catellam
675 3297 789 3375 nigram
810 3305 895 3377 atque
914 3299 1083 3360 indecenter
1097 3299 1239 3378 pinguem
1257 3318 1327 3380 pra-

211 3382 274 3444 sina
293 3383 454 3445 involvebat
472 3385 562 3445 fascia
583 3401 747 3463 panemque
768 3403 931 3444 semassom
952 3384 1081 3463 ponebat
1103 3395 1328 3464 superiorum,

148 3481 151 3486 '
211 3477 298 3548 atque
331 3469 388 3530 hoc
413 3487 521 3530 nausea
546 3477 732 3531 recusantem
757 3470 913 3572 saginabat.
954 3489 1012 3549 quo
1039 3471 1208 3532 admonitus
1235 3472 1329 3532 oflicii

211 3553 390 3616 Trimalchio
408 3555 553 3634 Scylacem
574 3556 658 3616 iussit
673 3556 776 3616 adduci
804 3556 980 3634 praesidium
998 3557 1105 3618 domus
1121 3549 1329 3636 familiaeque.'

210 3658 266 3701 nec
279 3659 372 3714 mora,
389 3641 486 3738 ingeni
488 3641 512 3701 is
475 3641 640 3701 tlormae
655 3641 859 3702 adductust
814 3649 859 3702 est
870 3641 949 3702 canis
962 3649 1062 3704 catena
1075 3643 1202 3714 vinctus
1218 3643 1329 3703 admo-

210 3726 349 3806 nitusque
368 3726 479 3788 ostiarii
500 3727 644 3798 calce,ut
632 3727 794 3799 t,cubaret
821 3734 887 3829 ante
907 3746 1038 3788 urensam
1060 3728 1223 3831 seposuit
1261 3737 1329 3788 tum

210 3809 414 3874 Trimalchio
407 3820 464 3874 lact
465 3829 516 3872 ans
538 3811 693 3873 candidum
715 3831 817 3892 panem
836 3803 952 3873 ίἰιιιιιιιι
969 3813 1064 3894 inquit
1079 3803 1126 3875 ‘in
1147 3815 1237 3876 domo
1261 3833 1331 3875 mea

210 3917 259 3960 me
274 3899 340 3979 plus
356 3890 453 3961 amat’
478 3898 609 3978 indignat
597 3905 645 3960 tus
657 3917 740 3978 puer,
757 3899 834 3979 quod
848 3899 994 3979 Scylacem
1007 3908 1067 3963 tam
1080 3902 1173 3962 eliuse
1184 3900 1333 3974 laudaret,
