2762 4344
587 248 728 302 SATlfldh
1170 255 1212 318 35

95 405 231 468 catellam
243 404 275 467 in
287 412 396 468 terram
406 405 544 485 deposuit
554 406 755 487 hortatusque,
768 412 801 468 ut
812 405 847 468 ad
856 405 949 470 rixam
961 413 1135 488 properaret
1143 453 1213 470 .....

96 492 217 572 Scylax,
238 492 344 554 canino
371 492 480 554 scilicet
497 511 572 554 usus
592 492 723 571 ingenio,
743 492 911 554 taeterrimo
932 493 1037 556 latratu
1056 493 1213 558 triclinium

95 578 232 658 implevit
245 578 488 658 Margaritamque
503 578 605 640 Croesi
620 596 712 657 paene
726 577 869 640 laceravit.
899 596 953 640 nec
967 579 1043 642 intra
1058 580 1149 642 rixam
1165 587 1213 642 tn-

96 664 210 726 multus
234 664 378 737 constitit,
401 665 453 726 sed
474 664 675 726 candelabrum
696 665 781 726 etiam
802 681 892 744 super
917 684 1050 728 mensam
1077 684 1211 728 eversum

98 759 127 812 et
147 769 220 812 vasa
242 750 342 812 omnia
358 751 520 828 crystallina
536 749 711 812 comminuit
726 757 754 810 et
769 749 832 812 oleo
848 751 972 813 ferventi
988 752 1098 831 aliquot
1113 751 1213 813 convi-

96 855 146 898 vas
163 835 318 914 respersit.
350 834 527 898 Trimalchio
543 854 580 897 ne
596 836 741 898 videretur
755 836 865 898 iactura
880 843 989 910 motus,
1005 837 1126 900 basiavit
1140 857 1213 919 puc-

96 941 166 984 rum
181 941 217 983 ac
230 921 318 982 iussit
332 939 422 1005 super
437 923 560 984 dorsum
572 922 728 984 ascendere
739 941 836 984 suum.
866 940 928 983 non
939 930 1071 986 moratus
1083 924 1130 985 ille
1141 943 1213 986 usus

101 1019 142 1070 est
161 1027 237 1088 equo
254 1025 403 1087 manuque
418 1008 501 1087 plena
517 1009 653 1088 scapulas
669 1009 730 1069 eius
747 1008 871 1071 subinde
885 1007 1058 1082 verberavit,
1080 1009 1215 1089 interque

102 1095 193 1156 risum
209 1093 415 1172 proclamavit:
433 1083 554 1169 ‘hucoa‚
569 1095 677 1168 bucca,
693 1103 766 1174 quot
779 1103 851 1156 sunt
864 1085 946 1156 hict'
974 1113 1128 1175 repressus
1143 1114 1213 1175 ergo

67 1204 72 1209 ·
101 1179 266 1260 aliquandiu
286 1178 464 1240 Trimalchio
487 1180 634 1242 camellam
654 1181 795 1259 grandem
814 1180 900 1243 iussit
922 1180 1038 1268 misceri
1061 1181 1213 1260 potiones-

99 1285 156 1346 que
167 1265 255 1326 dividi
268 1265 407 1327 omnibus
419 1267 520 1340 servis,
535 1266 584 1346 qui
596 1267 631 1328 ad
644 1267 732 1345 pedes
744 1266 896 1340 sedebant,
909 1266 1017 1328 adiecta
1029 1267 1211 1346 exceptione:

95 1345 137 1413 ‘si
152 1342 234 1432 quis'
250 1351 346 1431 inquit
362 1343 505 1414 tnoluerit
518 1352 661 1432 accipere,
683 1360 770 1432 eaput
788 1353 827 1414 illi
842 1352 994 1432 perfunde.
1024 1352 1148 1415 interdiu
1162 1372 1214 1414 se-

99 1457 176 1512 vera,
189 1455 273 1500 nunc
287 1428 405 1499 hilaria.³

184 1525 264 1585 hano
283 1523 495 1585 humanitatem
514 1523 662 1585 insecutae
681 1531 751 1585 sunt
766 1531 905 1597 matteas,
922 1541 1045 1602 quarum
1062 1522 1150 1585 etiam
1165 1542 1212 1584 re·
1229 1526 1268 1588 65

103 1610 230 1672 cordatis
248 1627 311 1683 mo,
334 1610 358 1671 si
374 1628 432 1689 qua
446 1617 492 1672 est
507 1609 612 1672 dicenti
627 1609 714 1682 tides,
733 1610 862 1672 ollendit.
892 1610 1023 1689 singulae
1038 1610 1116 1672 enim
1132 1609 1212 1690 galli-

101 1715 155 1758 nae
170 1696 263 1758 altiles
279 1715 334 1775 pro
350 1695 443 1757 turdis
460 1695 646 1758 circumlatae
661 1703 732 1757 sunt
747 1706 775 1758 et
788 1715 840 1757 ova
853 1696 987 1758 anserina
1000 1695 1124 1776 pilleata,
1140 1715 1214 1776 quae

97 1791 131 1846 ut
146 1800 363 1856 comessemus‚
379 1781 617 1844 ambitiosissime
633 1783 752 1844 anobis
767 1782 944 1843 Trimalchio
955 1783 1040 1861 petiit
1051 1781 1150 1842 dicens
1162 1801 1213 1842 ex-

97 1876 217 1932 ossatas
244 1886 310 1928 esse
336 1867 464 1947 gallinas.
498 1868 573 1928 inter
599 1869 671 1930 haec
695 1868 812 1930 triclinii
837 1869 930 1929 valvas
949 1867 1035 1929 lictor
1055 1868 1212 1947 percussit

97 1955 283 2033 amictusque
301 1961 380 2015 veste
400 1955 462 2016 alba
484 1972 550 2016 oum
570 1953 682 2034 ingenti
707 1953 870 2035 frequentia
891 1953 1066 2016 comissator
1086 1953 1212 2015 intravit.

101 2061 151 2121 ego
173 2041 327 2102 maiestate
347 2043 523 2102 conterritus
543 2048 708 2119 praetorem
725 2040 862 2119 putabam
879 2040 1004 2102 venisse.
1035 2040 1130 2119 itaque
1146 2046 1212 2099 ten-

102 2127 154 2189 tavi
173 2144 333 2204 assurgere
353 2133 381 2188 et
400 2126 498 2188 nudos
517 2127 607 2232 pedes
628 2126 657 2186 in
677 2134 784 2188 terram
801 2125 921 2186 deferre.
952 2125 1018 2185 risit
1032 2125 1109 2185 hanc
1122 2123 1213 2203 trepi-

105 2213 251 2276 dationem
259 2212 462 2292 Agamemnon
478 2218 507 2272 et
530 2211 646 2273 contine
660 2203 698 2272 te'
714 2211 807 2291 inquit
817 2201 925 2272 ‘homo
941 2209 1122 2271 stultissime.
1152 2209 1212 2270 Ha-

101 2299 205 2360 binnas
226 2298 306 2360 sevir
325 2307 371 2359 est
389 2298 524 2377 idemque
543 2297 715 2378 lapidarius,
738 2297 787 2377 qui
807 2296 864 2358 sthi
884 2295 996 2357 videtur
1021 2303 1212 2358 monumenta

98 2387 210 2465 optime
224 2375 343 2445 facere?

126 2475 153 2510 0
183 2477 335 2532 recreatos
352 2470 410 2530 hoo
425 2487 562 2531 sermone
572 2468 692 2548 reposui
704 2468 845 2542 cubitum,
862 2466 1088 2546 Habinnamque
1099 2467 1212 2529 intran-

99 2565 155 2619 tem
185 2575 255 2618 cum
282 2555 475 2617 admiratione
500 2555 610 2634 ingenti
637 2554 816 2634 spectabam.
851 2554 897 2615 ille
917 2561 1012 2614 autem
1035 2553 1092 2614 iam
1113 2553 1213 2614 ebrius

98 2643 198 2719 uxoris
216 2661 289 2704 suae
303 2641 435 2702 humeris
451 2641 634 2721 imposuerat
649 2659 772 2714 manns,
789 2648 988 2718 oneratusque.
1000 2639 1109 2718 aliquot
1125 2657 1212 2700 coro·

98 2732 143 2791 nis
159 2739 190 2791 et
205 2735 358 2806 unguento
375 2747 429 2807 per
444 2727 577 2788 frontem.
588 2727 618 2787 in
635 2728 735 2788 oculos
751 2727 859 2787 fluente
874 2725 1020 2805 praetorio
1033 2726 1098 2787 loco
1113 2744 1144 2784 so
1157 2745 1213 2805 po-

100 2817 156 2877 suit
170 2815 375 2892 continuoque
390 2814 489 2874 vinum
505 2821 534 2874 et
549 2812 658 2874 caldam
674 2813 820 2893 poposcit.
851 2812 1008 2873 delectatus
1021 2811 1075 2871 hac
1087 2809 1212 2871 Trimal-

104 2901 164 2962 chio
186 2900 333 2962 hilaritate
352 2899 464 2978 etipse
484 2899 665 2979 capaciorem
686 2899 824 2977 poposcit
844 2897 986 2976 scyphum
1003 2895 1212 2976 quaesivitque,

102 2987 253 3066 quomodo
266 2992 404 3064 acceptus
416 2992 503 3046 esset.
530 2975 650 3044 ‘omnia'
666 2983 759 3062 inquit
771 2976 938 3043 ‘habuimus
952 2988 1067 3060 praeter
1077 2988 1120 3050 te;
1137 2981 1213 3041 oculi

99 3073 175 3134 enim
198 3071 259 3132 mei
279 3070 327 3132 hic
347 3078 438 3132 erant.
469 3079 497 3134 et
516 3069 697 3132 mehercules
719 3069 793 3129 bene
813 3069 877 3129 fuit.
908 3066 1006 3128 Scissa
1027 3065 1212 3127 lautumno-

98 3159 230 3222 vendiole
251 3174 337 3218 servo
358 3175 414 3218 suo
434 3157 545 3218 misello
566 3147 702 3229 faciebat,
723 3173 809 3234 quem
825 3161 977 3215 mortuum
994 3151 1212 3214 manumiserat.

98 3253 126 3306 et
139 3252 226 3326 puto,
243 3261 310 3304 oum
326 3242 535 3304 vicensimariis
551 3259 686 3321 magnam
702 3241 872 3303 mantissam
888 3239 987 3312 habet}
1004 3237 1214 3318 quinquaginta

98 3332 176 3393 enim
198 3328 331 3390 millibus
351 3330 506 3390 aestimant
525 3335 684 3389 mortuum.
715 3328 766 3388 sed
786 3335 885 3388 tamen
902 3323 1029 3387 suaviter
1042 3324 1112 3400 luit,
1128 3326 1214 3387 etiam

99 3417 120 3477 si
142 3416 238 3479 coacti
258 3433 362 3476 sumus
382 3414 515 3475 dimidias
535 3415 673 3494 potiones
694 3431 783 3492 super
803 3412 939 3473 ossucula
961 3413 1024 3474 eius
1047 3401 1214 3473 ellhndere?

96 3493 225 3564 ‘tamen'
243 3500 338 3580 inquit
353 3501 527 3562 Trimalchio
545 3491 631 3579 ‘quid
648 3498 790 3562 habuistis
806 3497 836 3559 in
851 3490 956 3560 cena‘l'
982 3489 1103 3560 ‘dicem'
1121 3495 1214 3574 inquit
1228 3494 1268 3556 66

97 3582 132 3650 ‘si
147 3596 291 3669 potnero;
312 3604 380 3648 nam
400 3595 460 3648 tam
480 3587 575 3648 honac
595 3585 757 3647 memoriae
773 3603 854 3659 sum,
875 3592 908 3646 ut
922 3585 1088 3665 frequenter
1104 3597 1212 3642 nomon

100 3694 199 3736 meum
221 3671 384 3734 obliviscar.
413 3673 571 3734 habuimus
591 3680 688 3733 tamen
703 3672 734 3733 in
749 3671 846 3752 primo
862 3689 986 3751 porcum
1002 3667 1107 3750 poculo
1125 3681 1213 3725 coro-

101 3767 202 3822 natum
228 3767 258 3820 et
277 3759 352 3820 circa
372 3758 562 3820 savunculum
583 3765 612 3818 et
632 3759 736 3837 gizeria
759 3757 870 3837 optime
888 3757 963 3817 facta
978 3762 1006 3815 et
1022 3757 1099 3815 certe
1114 3749 1212 3811 betam

102 3853 130 3907 et
141 3865 251 3926 panem
269 3851 445 3925 autopyrum
461 3846 497 3905 de
512 3862 566 3905 suo
583 3842 653 3915 sihi,
670 3863 757 3923 quem
773 3861 826 3922 ego
843 3841 921 3902 malo
938 3855 1025 3919 quam
1042 3833 1213 3911 candidum3

104 3940 133 3993 et
145 3933 221 3994 vires
237 3931 315 4006 facit,
330 3939 360 3993 et
375 3950 443 3993 cum
458 3949 523 3991 mea
538 3949 571 3990 re
589 3931 694 4008 [causa]
711 3930 796 4001 facio,
813 3943 874 3988 non
886 3925 981 4006 ploro.
1013 3937 1140 4002 sequens
1151 3921 1213 3984 ler-

977 4021 1010 4072 3*
