2762 4344
317 1105 636 1180 FRANOISCVS
657 1101 971 1176 BVECHELER

255 1257 491 1335 ANTONIO
517 1253 744 1330 KLETTIO
770 1251 1048 1326 BONNENSI

627 1406 662 1479 d.

188 1707 288 1782 Voluit
303 1719 444 1782 librarius
458 1717 680 1793 bonestisu'onus,
696 1719 747 1796 qui
759 1727 875 1778 saturas
886 1714 1015 1778 Petronii
1027 1733 1065 1778 en
1075 1732 1139 1777 mea
1150 1732 1199 1777 rc·

89 1811 223 1871 censiouc
237 1805 443 1868 euseribmdas
457 1807 532 1884 typis
548 1805 670 1872 curauit,
686 1802 774 1863 umal
784 1803 907 1863 minoris
917 1811 944 1862 ct
952 1803 1067 1882 formae
1079 1809 1104 1861 et
1112 1803 1202 1880 pretii

88 1892 243 1974 enemplar
268 1892 391 1973 prodire
405 1894 437 1953 in
447 1889 607 1969 publicum,
621 1891 796 1969 praesertim
808 1906 872 1949 cum
883 1886 928 1947 bic
947 1886 1021 1947 liber
1038 1887 1088 1948 diu
1103 1885 1200 1965 aeple-

89 1991 151 2042 ctus
172 1997 191 2039 a
210 1977 311 2040 multis
324 1976 407 2037 bodie
420 1978 573 2054 ipnoretur
591 1985 642 2035 aut
657 1984 730 2036 certe
745 1991 805 2034 non
823 1977 865 2034 ita
884 1972 1034 2052 dilipereter
1047 1970 1200 2033 evolvatur

91 2075 117 2125 st
132 2064 281 2134 lectitetur,
295 2072 330 2122 ut
342 2063 474 2122 conuenit
487 2061 589 2121 studiis
600 2059 764 2120 litterarum
775 2063 963 2139 antr'quarum
974 2068 1001 2119 et
1009 2056 1200 2118 historiarum

95 2159 177 2228 atque
194 2151 286 2228 ipsius
299 2145 431 2208 Petronii
448 2148 572 2224 inpenio.
601 2155 665 2205 erat
679 2148 755 2205 enim
769 2144 853 2205 bomo
869 2145 1001 2223 quamuis
1014 2146 1046 2202 io
1060 2145 1137 2202 vitiis
1152 2141 1200 2202 lu-

95 2251 153 2294 nus
175 2243 253 2312 cipue
272 2235 408 2312 ipnaoiae
427 2231 576 2312 fastidiose
597 2239 742 2301 versatus,
766 2228 937 2290 liberalibus
951 2237 1047 2288 tamen
1063 2227 1201 2287 doctrinis

94 2317 280 2397 omnibusque
303 2317 421 2392 ¹artibus
446 2318 551 2376 eaimie
574 2314 716 2388 eruditus,
736 2333 845 2394 mapua
865 2312 1004 2396 facultate
1024 2315 1157 2373 oratoria
1176 2321 1203 2374 ot

86 2407 202 2485 poetica
220 2407 392 2473 instructus,
413 2403 478 2462 acri
495 2399 647 2480 subtilique
664 2400 770 2460 iudicio
790 2409 817 2462 et
836 2399 932 2482 lepore
952 2417 987 2461 ac
1005 2395 1065 2462 sale
1083 2396 1199 2462 urbano

88 2489 177 2569 plane
202 2486 461 2566 incomparabilis:
488 2487 526 2547 ad
551 2503 708 2556 summam,
727 2489 877 2564 iupeuiosa
895 2496 922 2548 et
939 2486 1063 2567 elepanti
1074 2489 1201 2568 nequitia

90 2592 174 2636 nemo
198 2591 265 2634 eum
286 2590 416 2652 unquam
437 2573 594 2651 superavit.
624 2570 711 2630 talem
729 2574 819 2650 ipitur
840 2571 904 2633 Tibi
921 2576 1091 2653 scriptorem
1109 2576 1200 2648 mitto,
1250 2569 1252 2575 ’

93 2663 146 2740 qui
162 2661 251 2720 etiam
268 2661 296 2719 si
308 2657 514 2718 verecondiam
526 2655 617 2716 Tuam
631 2673 691 2716 nau
704 2673 855 2737 nunquam
874 2657 1002 2729 laeserit,
1025 2657 1088 2720 Tibi
1104 2668 1201 2721 tamen

87 2763 146 2825 pro
172 2753 276 2804 nostra
298 2745 426 2804 amicitia
445 2741 491 2802 acl
511 2742 574 2803 ideo
595 2743 800 2803 retractandus
818 2744 953 2804 uideatur
972 2745 1048 2824 qnod
1066 2763 1132 2806 enm
1150 2763 1200 2825 epo

90 2848 152 2890 non
174 2828 345 2892 aversabor.
377 2831 524 2907 conspirat
546 2837 641 2888 autem
660 2826 713 2888 boc
732 2827 885 2908 eucmplor
903 2838 998 2909 utpote
1017 2830 1116 2891 eadem
1132 2847 1201 2892 con·

96 2915 199 2993 tectum
217 2924 353 2994 typorum
374 2915 576 2993 compositione
595 2921 708 2973 tantum
726 2931 787 2973 nou
806 2916 838 2974 ia
852 2913 985 2976 omuibus
1001 2933 1066 2975 cum
1080 2916 1201 2976 editione

97 3001 210 3060 maiori.
236 3017 338 3078 nempe
351 2998 529 3079 aliquotiens,
543 3015 598 3076 quo
610 2997 713 3058 melius
723 2999 825 3060 ossibus
832 3001 1030 3080 prospicerem
1042 3000 1201 3079 lepentium,

93 3101 238 3146 arcessere
252 3087 349 3146 vistim
364 3094 404 3145 ost
418 3101 456 3144 ea
469 3087 545 3144 notis
561 3082 680 3143 alterius
694 3083 826 3144 editionis
843 3085 1052 3146 emendationes
1064 3085 1202 3159 oliorum,

91 3187 164 3250 puae
184 3171 298 3249 quidem
317 3187 404 3230 uerae
425 3179 476 3230 aut
494 3169 652 3230 admodum
671 3171 737 3228 ueri
756 3169 864 3230 similes
877 3171 1058 3242 uiderentur,
1080 3181 1107 3232 et
1125 3190 1203 3235 meas

90 3273 149 3316 non
168 3254 271 3316 nullas
290 3255 415 3316 adsensu
435 3254 611 3334 approbatas
632 3252 743 3314 Ottonis
757 3251 868 3326 labori,
889 3258 940 3334 qui
956 3259 1005 3315 air
1021 3255 1204 3319 libentissime

89 3340 234 3402 recordor
247 3351 354 3420 quarm
371 3356 456 3420 opere
470 3357 579 3399 nocam
593 3337 668 3400 banc
683 3349 710 3400 et
723 3349 755 3399 ut
766 3358 849 3419 spero
862 3340 1117 3419 praestabiliorem
1132 3361 1203 3404 con-

87 3428 299 3506 formationem
312 3423 444 3486 Petrouii
462 3425 616 3485 adiuuerit.
642 3443 741 3503 panca
760 3428 845 3486 etiam
859 3427 1016 3488 secuudum
1032 3427 1124 3489 libros
1138 3448 1204 3489 ma·

87 3513 259 3591 nasoripaas
274 3513 388 3572 mutavi
406 3527 477 3590 qnae
497 3510 544 3570 ael
561 3512 678 3589 potiora
697 3527 756 3570 esse
776 3510 822 3571 ael
841 3511 1007 3574 tolerabilia
1018 3515 1203 3594 postmodum

88 3595 305 3668 iutelleooeram,
321 3595 400 3658 uelut
413 3595 638 3674 dupuaduarius
650 3611 708 3674 pro
724 3595 946 3675 duponduarius
962 3615 1122 3678 conpruere
1132 3597 1205 3660 mibi

87 3700 167 3744 nunc
185 3684 323 3762 persuasi
333 3684 371 3742 ‘in
391 3683 533 3742 rusticum
548 3679 690 3741 colliberti
706 3678 907 3744 Trimalcianis
921 3701 1091 3746 sermonem.
1120 3683 1206 3745 nolui

87 3777 187 3828 tamen
202 3765 315 3844 lonpius
325 3767 469 3848 propredi
484 3783 571 3846 quom
586 3774 671 3826 cauta
683 3775 709 3825 et
720 3770 842 3846 capitata
857 3770 934 3829 ratio
948 3768 1118 3849 postularet,
1134 3771 1203 3847 quia

87 3851 182 3914 multa
194 3849 390 3933 periculosius
405 3851 578 3912 arbitrabar
588 3868 692 3912 errare
703 3854 754 3931 qui
763 3853 945 3933 euemplaria
961 3856 1112 3933 scriptoris
1124 3871 1202 3916 cam·

87 3940 176 4000 muni
189 3939 259 3999 usui
274 3936 413 3999 destinato
423 3936 634 4018 interpolarent
645 3940 815 4006 coniecturis
825 3941 943 4004 incertis
953 3957 1040 4020 quam
1052 3941 1102 4022 qni
1111 3957 1203 4005 uuam
1308 3973 1312 3981 ⁴
