2728 4344
545 283 686 339 eulaeus

205 439 317 502 fulmen
330 437 419 500 babet
432 439 534 501 mundi
550 438 703 514 dominus,
717 443 799 500 tenet
811 437 881 502 illud
897 447 1010 522 aporte3

247 543 302 586 nec
316 525 401 586 datur
416 543 561 606 aequoreo
576 523 690 586 uescina
703 530 780 586 tecta
794 525 861 586 deo.

205 628 261 672 nec
275 610 389 672 Mavors
404 608 498 683 illum,
514 626 665 690 perquem
679 609 770 684 valet,
786 610 892 672 occulit
906 628 1020 688 ensem3
1085 627 1100 678 ⁵

249 713 303 757 nec
316 694 386 756 latet
399 695 430 755 in
445 695 544 774 tepido
559 695 685 756 Palladis
701 695 784 757 basta
799 696 875 758 sinu.

205 799 278 842 num
293 779 384 860 pudet
397 787 513 843 auratas
529 780 682 842 Phoebum
697 788 814 860 portare
828 779 971 860 sagittas?

248 866 359 927 clamne
375 866 449 927 solet
462 867 630 945 pharetram
644 865 722 928 ferre
735 865 825 928 Diana
840 864 948 929 suam?

96 1033 103 1042 ι
206 969 279 1012 num
293 951 366 1030 tegit
379 951 492 1013 Alcides
507 951 637 1013 nodosae
651 950 760 1014 robore
775 949 891 1014 clame?

248 1036 303 1098 sub
319 1035 416 1098 tunica
430 1036 541 1115 virgam
555 1054 627 1099 num
643 1038 714 1098 deus
730 1036 789 1098 ales
804 1033 915 1099 habet?
1070 1054 1102 1104 1⁰

206 1121 271 1201 quis
286 1121 433 1186 Bacchum
449 1122 547 1202 gracili
562 1128 671 1184 vestem
687 1123 874 1202 praetendere
888 1122 1005 1202 tbyrso,

251 1206 315 1286 quis
331 1213 360 1267 te
376 1205 464 1268 celate
480 1226 547 1268 cum
561 1206 625 1268 face
638 1207 721 1282 vidit,
736 1205 850 1268 Amor?

205 1307 261 1353 nec
275 1291 347 1352 mibi
362 1290 402 1352 sit
416 1291 541 1364 crimen,
558 1292 636 1372 quod
651 1292 780 1354 mentula
796 1310 913 1373 semper
928 1298 1026 1374 aperta
1037 1299 1101 1362 est:

248 1377 307 1438 boo
321 1376 393 1438 mibi
409 1376 435 1439 si
449 1377 539 1440 telum
554 1377 644 1452 desit,
660 1377 780 1440 inermis
796 1396 858 1439 ero.

204 1629 406 1693 Insulsissima
420 1631 489 1711 quid
504 1631 596 1710 puella
611 1629 712 1693 rides?

206 1734 269 1778 non
283 1736 331 1778 me
344 1715 501 1778 Praxiteles
518 1717 666 1797 Scopesvc
681 1717 765 1791 lecit,

206 1819 262 1864 nec
276 1821 342 1864 sum
358 1801 497 1864 Phidiaca
512 1819 600 1863 manu
616 1802 741 1883 politus3

206 1887 259 1948 sed
273 1886 384 1966 lignum
399 1887 471 1948 rude
485 1887 586 1948 vilicus
603 1887 723 1961 dolavit,

207 1978 236 2033 et
250 1971 321 2033 dixit
335 1972 420 2033 mibi:
432 1963 481 2033 ‘tu
495 1972 618 2053 Priapus
635 1964 720 2034 esto'.

207 2065 321 2137 spectas
336 2076 384 2118 me
398 2063 497 2117 mmen
511 2064 541 2118 et
554 2057 681 2118 subinde
695 2056 788 2118 rides:

208 2142 349 2204 nimirum
363 2141 415 2205 tibi
430 2141 507 2203 salsa
517 2160 565 2203 res
581 2141 694 2202 ridetur

208 2228 328 2290 adstans
343 2226 510 2307 inguimbus
526 2227 663 2289 columna
678 2225 798 2288 nostris.

599 2397 639 2458 Xl

209 2482 253 2545 Ne
267 2483 422 2565 prendere,
437 2501 512 2544 cave.
541 2500 651 2562 prenso
667 2499 721 2544 neo
734 2481 812 2544 fuste
826 2479 954 2556 nocebo,

252 2588 337 2631 saeva
351 2587 405 2630 nec
419 2568 536 2630 incurva
552 2569 669 2629 vulnera
683 2567 754 2629 falce
769 2565 861 2630 dabo:

209 2653 346 2715 traiectus
362 2660 450 2714 conto
466 2653 508 2714 sic
522 2653 677 2715 extendere
691 2653 801 2732 pedali,

251 2747 284 2800 ut
297 2739 394 2800 culum
410 2757 497 2818 rugas
512 2757 574 2800 nou
588 2738 727 2801 babuisse
741 2745 836 2818 putes.

209 2994 360 3068 Quaedam
375 2991 472 3055 iunior
483 2993 617 3054 Hectoris
633 2999 769 3072 parente,

211 3078 352 3142 Cumaeae
367 3097 470 3153 soror,
484 3086 517 3140 ut
531 3084 617 3159 puto,
632 3077 771 3158 Sibyllae,

209 3164 336 3244 aequalis
350 3163 416 3234 tibi,
433 3182 520 3244 quam
535 3164 657 3226 domum
673 3170 822 3225 revertens

209 3249 341 3312 Theseus
356 3249 486 3329 repperit
500 3248 616 3328 inrogo
631 3248 786 3322 iacentem,

209 3334 324 3396 infirmo
341 3336 416 3396 solet
429 3334 487 3395 buc
501 3334 593 3414 gradu
607 3334 705 3396 venire

208 3438 390 3500 rugosasque
405 3439 510 3481 manus
526 3419 562 3481 ad
576 3427 654 3481 astra
668 3419 786 3494 tollens,

209 3522 247 3567 nc
262 3505 338 3567 desit
351 3505 420 3580 sibi,
435 3503 593 3567 monadem
609 3523 722 3585 rogare.

209 3591 345 3652 besteme
361 3609 478 3671 quoque
492 3591 556 3652 luce
567 3590 636 3651 dum
652 3597 800 3671 precatur,

211 3676 328 3736 dentem
343 3677 379 3738 de
392 3676 486 3738 tribus
503 3676 647 3738 excrcauit
660 3694 764 3737 uuum.

205 3750 304 3821 ‘tolle'
320 3760 438 3842 inquam
451 3752 571 3841 ‘procul
586 3779 620 3822 ac
634 3760 701 3822 iuba
714 3759 803 3823 latere

210 3843 302 3906 scissa
318 3847 372 3907 sub
387 3846 485 3908 tunica
500 3845 632 3925 stolaque
645 3845 724 3920 rufa,

210 3937 242 3992 ut
257 3949 375 4013 semper
389 3932 480 4005 solet,
493 3939 521 3994 et
535 3930 638 3994 timere
652 3929 762 4007 lucem,
