2762 4344
165 245 205 308 gg
637 242 793 296 rnrnorur

166 417 218 462 sor
236 397 423 462 convertebat
442 397 500 459 hue
519 397 590 462 illuc
610 398 767 460 obnoxiam
782 405 888 471 ratem,
909 403 938 458 et
953 397 1031 476 quod
1049 397 1187 460 omnihus
1201 417 1278 478 pro-

166 484 245 548 cellis
266 483 458 565 periculosius
479 491 555 558 erat,
574 492 633 546 tam
654 485 769 564 spissae
788 491 908 565 repente
927 482 1063 545 tenebrae
1083 483 1178 544 lucem
1199 503 1280 563 sup-

167 577 345 651 presserant,
360 577 444 631 utne
459 587 579 650 proram
595 568 713 650 quidem
728 577 820 631 tetam
837 569 1016 648 guberuator
1031 569 1148 630 videret
1177 569 1279 648 itaque

164 656 298 718 hercules
318 661 475 735 postquam
495 653 688 718 manifesta*
710 655 868 729 convaluit,
887 654 990 716 Lichas
1010 653 1160 734 trepidans
1175 654 1213 716 ad
1229 673 1279 716 rue
1375 679 1376 689 ¹

166 741 287 822 supinas
302 740 426 821 porrigit
441 759 546 804 manus
561 733 609 803 et
619 731 665 802 tu'
679 741 775 820 inquit
785 733 937 820 ‘Encolpi,
953 758 1091 802 succurre
1107 739 1278 819 periclitan-

165 827 258 902 tibus,
275 827 304 888 id
323 834 368 888 est
388 835 497 888 vestem
518 825 595 888 illam
615 826 742 887 divinam
763 827 944 928 sistrumque
958 825 1047 887 redde
1067 825 1193 904 navigio.
1224 845 1279 905 per

167 913 266 986 fidem,
282 911 432 985 miserere,
449 912 696 991 quemadmodum
713 913 829 993 quidem
846 901 941 974 soles

251 1004 280 1060 ot
293 997 373 1060 illum
390 997 507 1077 quidem
523 997 754 1059 vociferantem
746 1016 777 1059 ιιι
793 1016 872 1060 mare
887 1004 991 1058 ventus
1007 997 1146 1070 excussit,
1168 997 1278 1076 repeti-

166 1091 288 1163 tumque
309 1083 417 1146 infesto
433 1083 545 1162 gurgite
559 1082 686 1162 procella
703 1083 873 1164 circumegit
887 1090 973 1162 atque
987 1081 1093 1144 hausit.
1123 1081 1278 1162 Tryphae·
1379 1095 1380 1156 ι

166 1187 236 1230 nam
255 1176 352 1230 autem
373 1187 467 1248 prope
486 1167 545 1230 iam
561 1213 568 1228 .
586 1214 592 1228 .
609 1214 616 1230 .
633 1168 795 1231 fidelissimi
809 1176 970 1249 rapuerunt
984 1167 1076 1239 servi,
1091 1169 1279 1247 scaphaeque
1379 1175 1380 1204 l

166 1254 336 1334 impositam
363 1272 429 1316 curu
456 1253 581 1316 maxima
607 1254 786 1318 sarcinarum
812 1262 895 1336 parte
925 1253 1070 1315 abduxere
1095 1253 1279 1316 certissimae
1379 1293 1380 1352 ι

166 1340 257 1403 morti

706 1436 727 1476 a

253 1509 407 1590 applicitus
424 1529 491 1573 cum
507 1512 632 1573 clamore
647 1511 711 1572 llevi
723 1517 752 1572 et
763 1501 850 1573 ‘hoc'
865 1511 984 1590 inquam
995 1501 1024 1571 ‘a
1036 1510 1091 1572 diis
1104 1509 1279 1583 meruimus,

167 1603 200 1658 ut
215 1613 271 1656 nos
287 1595 348 1656 sola
364 1603 459 1657 morte
474 1594 707 1674 coniungerent?
723 1597 850 1658 sednon
866 1595 990 1658 crudelis
1001 1595 1121 1658 fertum
1133 1597 1277 1658 concedit.

167 1699 234 1742 ecce
248 1679 305 1741 iarn
321 1687 414 1742 ratem
428 1681 535 1743 lluctus
550 1689 668 1754 evertet,
684 1699 750 1744 ecoe
765 1682 821 1742 iarn
834 1682 984 1762 amplexus
996 1681 1155 1742 amantium
1168 1681 1277 1744 iratum

167 1765 274 1828 diridet
288 1783 376 1827 mare.
405 1765 507 1846 igitur,
524 1766 548 1828 si
565 1785 631 1829 vere
645 1766 808 1847 Encolpion
823 1767 957 1841 dilexisti,
972 1767 1007 1829 da
1023 1767 1137 1839 oscula,
1153 1768 1226 1828 dum
1241 1767 1278 1828 li-

167 1858 222 1924 cet,
238 1862 265 1914 et
278 1850 413 1914 ultimum
427 1852 486 1913 hoc
499 1850 636 1930 gaudium
652 1851 720 1914 fatis
736 1852 962 1949 properantibus
978 1843 1065 1932 rape.²
1094 1852 1166 1914 haec
1178 1861 1212 1914 ut
1221 1871 1276 1931 ego

167 1935 240 2007 disi,
263 1934 352 1998 Giton
372 1945 481 1998 vestem
502 1937 650 2035 deposuit,
670 1955 792 2017 meaque
813 1938 910 2000 tunica
931 1946 1082 2002 reuectus
1102 1938 1215 2000 exeruit
1240 1938 1277 1999 ad

168 2022 302 2086 osculum
318 2030 413 2102 caput
445 2029 474 2084 et
489 2041 526 2086 ne
542 2025 585 2086 sic
599 2024 789 2086 cohaerentes
804 2023 958 2127 malignior
972 2025 1078 2086 fluctus
1090 2022 1277 2100 distraheret,

162 2115 315 2212 ,utrunque
340 2127 415 2170 zona
434 2108 670 2172 circumvenienti
690 2109 853 2189 praecinxit
877 2100 931 2172 et‘
939 2109 963 2170 si
986 2108 1057 2170 nihil
1080 2108 1171 2182 aliud,
1199 2117 1278 2172 certe
1378 2177 1379 2194 ι

167 2185 290 2256 diutius’
305 2194 400 2274 inquit
411 2187 544 2258 ‘iunctos
559 2211 615 2257 nos
631 2214 711 2256 mare
727 2195 807 2268 leret,
824 2195 905 2258 vel
880 2214 906 2256 sr
922 2194 1044 2256 voluerit
1057 2194 1228 2257 misericors
1241 2195 1276 2256 ad

166 2279 244 2342 idem
258 2279 326 2342 litus
342 2279 492 2360 expellere,
508 2289 558 2345 aut
572 2280 751 2377 praeterieris
767 2280 870 2360 aliquis
885 2279 1023 2343 tralaticia
1038 2280 1220 2342 humanitate
1235 2279 1278 2341 la-

166 2364 294 2444 pidabit,
320 2373 370 2428 aut
390 2367 469 2468 qued
491 2366 626 2428 ultimum
649 2374 695 2427 est
714 2366 794 2428 iratis
816 2367 902 2428 etiam
923 2366 1075 2438 lluctihus,
1101 2365 1278 2444 imprudens

168 2469 255 2512 arena
276 2443 450 2530 componet.
481 2451 577 2531 patior
596 2471 649 2530 ego
669 2451 814 2512 vinculum
836 2459 1014 2524 extremum,
1042 2459 1071 2512 et
1091 2450 1178 2512 veluti
1200 2451 1276 2513 leuto

167 2534 283 2597 lunehri
304 2544 418 2615 aptatus
439 2544 559 2615 expecto
584 2543 709 2597 mortem
731 2535 787 2596 iam
804 2555 865 2597 non
881 2537 1046 2598 molestam.
1075 2537 1187 2633 peragit
1202 2536 1277 2598 iute-

167 2621 223 2682 rim
238 2627 398 2700 tempestas
414 2622 550 2684 mandata
565 2624 691 2683 latorum
707 2640 870 2700 omnesque
881 2621 1017 2701 reliquias
1029 2622 1109 2683 naris
1121 2631 1274 2702 expugnat.

168 2721 230 2767 non
245 2705 334 2766 arbor
348 2714 409 2768 erat
423 2707 530 2780 relicta,
547 2725 608 2768 non
625 2705 831 2785 gubernacula,
847 2726 907 2768 nou
922 2707 1002 2769 lunis
1020 2715 1071 2769 aut
1084 2725 1202 2784 rentus,
1224 2707 1272 2768 sed

168 2790 250 2871 quasi
266 2791 348 2852 rudis
364 2798 449 2871 atque
463 2792 568 2854 inlecta
584 2793 718 2854 materies
733 2792 792 2854 ibat
806 2812 873 2854 cum
888 2793 1025 2856 ssuctihus

707 2889 728 2928 ι
1071 2919 1073 2936 ,

253 2980 427 3042 procurrere
447 2963 608 3042 piscatores
628 2964 755 3044 parvulis
777 2964 902 3045 expediti
928 2964 1050 3044 navigiis
1077 2965 1112 3026 ad
1139 2963 1277 3044 praedam

168 3047 348 3128 rapiendam.
379 3047 483 3110 deinde
497 3057 531 3111 ut
545 3051 658 3130 aliquos
674 3050 817 3124 viderunt,
837 3050 886 3130 qui
902 3070 971 3113 suas
988 3069 1061 3130 opes
1077 3049 1277 3122 defenderent,

169 3141 353 3197 mutaverunt
369 3135 567 3198 crudelitatem
583 3135 612 3197 in
628 3137 765 3198 auxilium

707 3233 728 3273 ι

103 3305 161 3366 115
254 3303 389 3366 audimus
409 3324 544 3368 murmur
563 3305 664 3368 insolit
652 3315 716 3368 turn
736 3313 765 3368 et
783 3306 838 3368 suh
858 3306 952 3368 diaeta
972 3306 1079 3386 magist
1080 3305 1103 3367 ri
1124 3306 1208 3385 quasi
1225 3327 1278 3370 cu·

169 3386 276 3468 pientis
300 3388 378 3449 exire
400 3390 499 3454 beluae
520 3392 669 3472 gemitum.
704 3393 849 3473 persecuti
870 3392 957 3488 igitpr
976 3411 1082 3454 sonum
1108 3392 1277 3454 invenimus

168 3472 347 3570 Eumolpum
377 3477 526 3537 sedentem
551 3478 830 3576 membranaeque
822 3495 851 3538 ιιι
855 3484 931 3556 gleni
924 3496 1059 3538 iversus
1084 3478 1277 3555 ingerentem.

169 3558 265 3622 mirati
280 3576 360 3637 ergo,
377 3561 456 3638 quod
470 3561 510 3623 illi
526 3572 640 3625 vacaret
654 3564 683 3624 in
698 3563 802 3626 vicinia
817 3569 896 3624 mort
897 3561 922 3622 is
939 3582 1042 3642 poema
1057 3563 1162 3634 facere,
1178 3573 1278 3625 extra-

169 3645 266 3706 himus
283 3644 454 3706 clamantem
470 3646 661 3748 iubemusque
675 3649 783 3711 honam
799 3648 907 3710 hahere
918 3655 1055 3709 mentem.
1087 3656 1116 3710 at
1127 3648 1191 3709 ille
1183 3658 1277 3710 mter

170 3731 291 3810 peilatus
308 3731 461 3794 excanduit
475 3739 502 3792 ιι
513 3721 616 3794 ‘siuite
632 3753 679 3794 me
684 3725 803 3831 inquit
813 3725 1004 3796 ‘seutentiam
1020 3733 1149 3813 ιιιιιιιι;
1165 3733 1279 3794 laborat

171 3834 288 3880 carmen
302 3815 332 3878 in
347 3808 427 3880 line'.
457 3817 543 3880 inicio
559 3837 613 3896 ego
628 3819 760 3897 phrenet
753 3838 798 3880 rco
814 3835 933 3879 manum
949 3818 1095 3900 iubeoque
1106 3819 1153 3880 (ιιι
1141 3827 1211 3880 tona
1226 3839 1277 3880 ac-

170 3902 271 3966 cedere
286 3903 336 3964 et
330 3921 359 3964 ιιι
374 3912 479 3966 terram
496 3903 610 3966 trahere
625 3911 742 3982 poetam
759 3902 935 3982 mugientem
