2728 4344
663 258 812 314 canulas
846 255 851 264 '

385 414 435 494 qui
449 421 530 476 tanto
545 420 625 494 patet
634 413 774 476 indecens
789 413 883 487 biam,

385 499 506 561 barbato
521 517 619 562 macer
633 499 780 562 eminente
794 517 884 574 naso,

322 600 354 652 15
389 593 422 647 ut
434 585 535 648 credas
546 585 696 665 Epicuron
712 575 848 646 oscitari.³

701 771 766 833 XIII

385 853 555 937 Praecidere
570 892 658 953 puer,
673 892 796 935 moneo:
812 857 926 935 Ibtuere'
939 875 1047 953 puella:

427 958 578 1022 barbatum
593 959 688 1021 furem
702 959 786 1020 tertia
800 976 896 1039 poena
910 967 1017 1022 maneta

700 1145 781 1208 XIIII

269 1296 271 1300 .
385 1249 450 1310 IIuc
465 1249 536 1322 huc,
551 1247 684 1328 quisquis
700 1267 745 1322 es,
760 1247 790 1307 in
805 1246 850 1307 dei
867 1247 969 1310 salacis

386 1334 492 1396 deverti
507 1352 592 1413 grave
606 1351 644 1394 ne
658 1339 728 1412 puta
745 1332 891 1396 sacellum.

385 1426 415 1480 et
428 1419 454 1480 si
468 1426 555 1480 nocto
568 1417 624 1479 fuit
638 1416 733 1498 puella
747 1425 858 1491 tecum,

384 1505 441 1566 bac
455 1523 487 1565 re
502 1503 580 1583 quod
596 1510 709 1584 metuas
726 1502 818 1575 adire,
832 1519 892 1564 non
909 1511 962 1564 est.

337 1605 352 1654 5
387 1590 464 1650 istuc
478 1587 626 1649 caelitibus
642 1588 863 1649 datur-severis:

385 1692 441 1735 nos
457 1693 568 1755 vappae
583 1689 686 1734 sumus
701 1679 730 1734 et
745 1672 849 1752 pusilla
865 1672 932 1732 culti

366 1768 369 1773 '
384 1759 462 1821 ruris
477 1758 612 1829 numina,
627 1776 684 1818 nos
696 1758 810 1837 pudore
825 1758 911 1836 pulso

386 1852 499 1906 stamus
515 1844 570 1905 sub
585 1843 652 1904 Iove
668 1842 757 1904 coleis
773 1842 890 1921 apertis.

386 1947 455 2008 crgo
472 1929 591 2008 quilibet
603 1928 662 1988 huc
676 1927 771 1988 licebit
786 1927 875 1988 intret

321 2027 353 2080 10
386 2014 468 2093 nigra
482 2013 604 2076 fornicis
619 2012 725 2074 oblitus
740 2011 841 2074 favilla.

701 2201 750 2262 XV

387 2303 554 2366 Commisso
570 2302 641 2365 mihi
656 2301 802 2364 nonsatis
818 2301 969 2363 modestas

386 2390 550 2469 quicunque
565 2388 691 2450 attulerit
706 2405 810 2449 manus
827 2387 934 2466 agello,

386 2475 411 2536 is
427 2493 474 2536 mc
490 2476 597 2536 sentiet
611 2491 676 2535 esse
690 2491 750 2536 non
766 2472 937 2552 spadonem.

386 2559 462 2621 dicat
476 2560 600 2620 forsitan
615 2559 687 2620 haec
702 2558 757 2619 sibi
772 2558 851 2637 ipse:
863 2549 968 2619 ‘nemo

336 2661 351 2710 5
385 2644 433 2706 hic
447 2644 521 2705 inter
535 2644 654 2704 frutices
669 2643 734 2704 loco
750 2649 864 2704 remoto

384 2729 549 2809 praecisum
566 2729 640 2790 sciet
653 2747 717 2790 esse
729 2718 799 2800 me',
816 2726 867 2788 scd
883 2732 975 2788 errat:

384 2813 498 2893 magnis
513 2814 637 2877 testibus
652 2815 708 2876 ista
723 2831 772 2874 res
788 2819 897 2890 agetur.

698 2999 762 3062 XVI

387 3096 528 3173 Qualibus
544 3097 746 3179 Hippomenes
763 3097 858 3177 rapuit
873 3095 1051 3159 Schoeneida
1066 3099 1187 3177 pomis,

428 3183 561 3263 qualibus
573 3183 768 3262 Hesperidum
784 3181 892 3244 nobilis
907 3183 1012 3244 hortus
1028 3191 1104 3259 erat,

274 3333 278 3342 ,
384 3268 477 3347 qualia
493 3267 627 3329 credibile
643 3276 688 3329 est
702 3267 877 3348 spatiantem
893 3286 961 3329 rure
976 3275 1098 3347 paterno

426 3353 598 3415 Nausicaam
614 3354 699 3432 pleno
716 3371 803 3432 saepe
817 3353 921 3414 tulisse
936 3353 1016 3426 sinu,

336 3455 350 3505 5
386 3438 471 3518 quale
486 3438 540 3501 fuit
553 3438 662 3500 malum
678 3438 755 3518 quod
772 3438 865 3500 littera
880 3437 973 3518 pinxit
987 3437 1106 3512 Aconti,

426 3542 482 3602 qua
495 3524 568 3586 lecta
583 3522 690 3605 cupido
706 3531 788 3603 pacta
804 3523 896 3603 puella
911 3523 973 3584 viro
989 3530 1046 3584 cst:

384 3608 451 3670 talia
465 3625 545 3670 nunc
558 3627 670 3689 pauper
685 3607 822 3669 dominus
836 3607 972 3670 florentis
988 3607 1068 3686 agelli

426 3693 570 3774 imposuit
582 3711 715 3768 mensae,
731 3693 810 3755 nude
825 3693 942 3772 Priape,
957 3701 1031 3754 tuae.
