2762 4344
516 273 661 329 8thth
1099 277 1140 342 43

28 453 109 497 meas
125 438 264 506 noverat,
287 437 401 494 tantum
424 432 503 512 quod
518 431 589 492 mihi
604 449 665 492 non
682 432 808 504 dixerat,
825 433 894 513 quid
910 431 1004 515 pridie
1018 450 1141 495 cenare·

31 541 103 582 ram.
134 529 277 600 putasses
299 519 380 580 illum
376 537 519 624 semper
535 537 649 579 mecum
665 518 745 580 habit
732 527 821 580 t.asse
849 539 937 599 rogo,
954 519 1140 581 llabinun—
1156 521 1196 583 77

31 615 111 687 puto,
128 596 385 668 intermisti-:‘
386 597 596 666 tudomrnam
608 611 688 666 tuam
701 605 737 666 de
749 605 839 666 rebus
851 606 906 667 rlhs
917 605 1021 668 ιιιιιιι
1045 615 1141 686 topa-

32 713 93 753 rum
114 692 215 754 felix'
206 711 239 753 m
260 691 372 754 amicos
393 709 435 752 es.
465 709 553 751 nemo
573 708 703 771 unquam
723 691 774 752 tihi
789 709 893 796 parerp
906 692 1028 771 gratiam
1043 693 1141 752 refert.

34 789 63 840 u
34 779 234 840 latifundia
250 776 399 858 possides.
428 785 460 838 tu
476 777 603 856 viperam
617 777 673 837 sub
685 776 727 837 ala
739 769 893 838 nutricas’'
907 785 945 846 et,
962 778 1040 857 quod
1057 777 1141 840 vobis

34 883 92 926 nou
114 865 255 936 dixerim,
281 873 310 924 et
330 881 411 924 nune
431 863 473 924 mi
493 871 604 923 restare
624 863 698 924 vitae
720 880 813 924 annos
833 865 949 942 triginta
970 871 998 924 et
1023 881 1145 924 menses

35 959 172 1031 quattuor
191 957 222 1010 et
241 911 305 1010 dies
327 950 412 1010 duos.
447 957 595 1028 praeterea
616 949 673 1009 cito
695 949 835 1027 accipiam
856 950 1055 1010 hereditatem.
1084 950 1142 1012 hoc

36 1037 106 1097 mihi
127 1035 194 1098 dicit
214 1037 292 1096 fatus
314 1054 409 1098 meus.
441 1036 520 1114 quod
540 1036 564 1095 si
583 1035 740 1114 contigerit
753 1035 863 1096 fundos
879 1035 1000 1116 Apuliae
1015 1035 1142 1113 iungere,

42 1125 108 1184 satis
136 1123 213 1184 vivus
232 1139 406 1202 pervenero.
440 1121 555 1181 interim
582 1121 652 1182 dum
673 1121 834 1182 Mercurius
860 1122 969 1202 vigilat,
996 1121 1142 1182 aedificavi

39 1211 110 1269 hanc
125 1209 255 1270 domum.
286 1214 319 1270 ιιι
334 1207 425 1280 scitis,
442 1226 532 1268 cusuc
546 1215 623 1280 erat3
639 1224 718 1267 nunc
728 1207 868 1288 tempium
882 1217 936 1268 est.
960 1207 1045 1268 babet
1057 1214 1143 1287 quat-

36 1305 101 1356 tuor
115 1295 296 1366 cenationes,
313 1293 442 1355 cubicula
458 1293 568 1371 viginti,
584 1292 715 1372 porticus
731 1301 925 1354 marmoratas
941 1294 1023 1366 duas,
1038 1311 1142 1354 sorsum

38 1381 234 1454 cenationem,
257 1380 422 1442 cubiculum
442 1379 474 1440 in
496 1398 554 1458 quo
575 1379 638 1459 ipse
658 1379 788 1452 dormio,
808 1379 922 1458 viperae
936 1380 1024 1440 huius
1040 1397 1142 1440 sesso·

37 1470 119 1538 rium,
137 1467 249 1528 ostiarii
266 1466 365 1528 cellam
382 1465 558 1545 perbonam3
574 1463 737 1544 hospitium
753 1465 985 1545 hospites-capit.
1008 1466 1044 1527 ιιι
1058 1483 1140 1526 sum·

40 1574 121 1626 mam,
136 1553 266 1615 Scaurus
283 1572 350 1614 cum
366 1553 424 1613 huc
435 1551 521 1625 venit,
538 1569 683 1631 nusquam
696 1551 837 1614 mavoluit
848 1551 998 1631 hospitari,
1015 1551 1142 1614 ethahet

40 1642 70 1701 ad
90 1657 168 1701 mare
190 1646 348 1720 paternum
369 1638 541 1718 hospitium.
573 1648 601 1698 et
616 1637 706 1699 multa
722 1637 774 1699 alia
790 1646 869 1712 sunt,
886 1657 959 1718 quae
974 1638 1073 1699 statim
1087 1657 1141 1698 vo·

38 1727 77 1788 his
97 1726 260 1788 ostendam.
295 1724 401 1786 credite
422 1724 507 1786 mihi:
534 1742 629 1785 assem
650 1724 773 1796 habete,
795 1742 892 1786 assem
914 1723 1021 1796 valeam
1040 1723 1140 1796 habes,

38 1813 197 1874 habeberis.
228 1811 271 1872 sic
285 1812 396 1872 amicus
411 1819 521 1882 vester,
537 1811 585 1891 qui
600 1810 657 1871 fuit
671 1829 755 1883 rana,
771 1828 850 1871 nuno
865 1818 911 1870 est
924 1829 984 1871 rex.
1013 1809 1139 1884 interim,

37 1900 140 1974 Stiche,
157 1897 260 1978 profer
275 1897 380 1970 vitalia,
398 1897 426 1957 in
443 1896 546 1977 quihus
561 1897 627 1957 volo
644 1917 691 1957 me
706 1896 810 1957 efferri.
854 1896 956 1975 profer
967 1903 1141 1998 etuuguen-

38 1993 138 2047 tumet
153 2004 189 2045 ex
204 1983 250 2045 illa
267 1982 411 2062 amphora
427 1990 555 2062 gustum,
573 2002 608 2043 ex
623 2002 679 2062 que
694 1982 779 2043 iubeo
795 1981 881 2043 lavari
898 2000 967 2042 ossa
983 1999 1056 2042 mea.

114 2089 178 2132 non
201 2076 246 2130 est
264 2075 399 2130 moratus
415 2069 546 2146 Stichus,
566 2068 616 2131 sed
638 2077 666 2129 ιι
681 2068 838 2148 stragulam
854 2067 948 2128 albam
963 2075 992 2127 et
1006 2072 1140 2154 praetex-
1157 2067 1196 2138 78

36 2167 90 2220 tam
105 2159 136 2222 in
149 2156 311 2222 triclinium
327 2155 421 2222 attulit

116 2330 263 2433 iussitque
285 2345 342 2391 nos
364 2337 490 2404 tentare,
519 2349 556 2392 au
576 2330 664 2392 bonis
682 2332 757 2392 lanis
778 2338 877 2393 essent
901 2332 1041 2394 confecta.
1077 2339 1140 2394 tum

39 2416 188 2480 subridens
200 2407 276 2477 ‘vide
291 2407 337 2478 tu’
351 2417 448 2496 inquit
458 2410 584 2492 ‘Stiche
599 2437 636 2478 ne
650 2420 706 2480 iste
722 2435 820 2480 mures
836 2418 955 2497 tangant
970 2426 1019 2480 ιιιι
1033 2419 1141 2492 ιιιιιιι;

43 2501 194 2580 alioquint
195 2501 327 2564 cvivum
347 2503 526 2565 comburam.
558 2522 611 2609 ego
634 2505 780 2584 gloriosus
801 2504 867 2566 volo
883 2505 992 2579 efferri,
1013 2512 1141 2567 uttotus

42 2587 110 2647 mihi
135 2589 261 2670 populus
287 2588 363 2650 hene
389 2583 584 2695 imprecetur.³
618 2592 715 2652 statim
742 2591 898 2671 ampullam
926 2590 1010 2652 nardi
1030 2593 1143 2672 aperuit

40 2691 197 2755 omnesque
216 2693 275 2736 nos
295 2673 379 2736 unxit
398 2668 556 2778 et‘spero’
571 2669 829 2756 inquitufuturum
843 2685 877 2740 ut
892 2696 1044 2756 aequente
1059 2696 1142 2740 mor

39 2767 115 2820 tuum
132 2761 209 2823 iuvet
203 2769 364 2864 tanquam
380 2753 497 2823 vivum?
525 2779 594 2824 nam
606 2764 705 2825 vinum
723 2763 864 2864 quidem
855 2781 886 2824 m
899 2764 1041 2826 vinarium
1057 2764 1143 2826 iussit

41 2845 145 2908 inlundi
162 2838 212 2908 et‘
215 2866 255 2926 pu
257 2855 315 2908 tate
330 2839 393 2908 vos’
407 2847 447 2908 ιιι
434 2838 504 2908 tad
520 2849 679 2927 parentalia
694 2869 758 2910 mea
775 2849 911 2911 invitatos
928 2842 1013 2911 esse?

117 2933 177 2994 ibat
164 2939 244 2994 tres
260 2933 295 2994 ad
311 2951 458 2994 summam
474 2945 626 3010 nauseam,
647 2953 713 2996 eum
731 2935 907 2996 Trimalchio
924 2935 1141 2997 ebrietatetur-

36 3017 157 3096 pissima
178 3020 274 3098 gravis
289 3037 400 3082 novum
416 3039 561 3097 acroama,
579 3020 752 3092 cornicines,
769 3019 799 3080 in
813 3020 971 3081 triclinium
987 3019 1073 3081 iussit
1088 3019 1141 3080 ad-

35 3103 113 3178 duci,
133 3105 283 3208 fultusque
304 3105 489 3168 cervicalibus
509 3106 609 3168 multis
629 3107 758 3168 extendit
777 3125 809 3167 se
824 3124 913 3186 super
927 3112 1027 3166 torum
1044 3110 1141 3166 extre-

35 3197 171 3252 mumet
185 3183 303 3271 ‘fingite
322 3185 385 3252 me'
404 3185 523 3272 inquit‘
532 3201 680 3255 mortuum
702 3211 775 3254 esse.
817 3191 904 3254 dicite
925 3191 1030 3270 aliquid
1057 3183 1143 3253 belli?

36 3293 218 3338 consonuere
240 3277 403 3339 cornicines
423 3277 540 3339 funebri
560 3279 693 3360 strepitu.
723 3297 800 3340 unus
816 3278 972 3358 praecipue
988 3295 1091 3342 servus
1106 3280 1142 3340 li-

34 3360 83 3420 ιιιιΙ
64 3363 159 3424 linarii
151 3363 264 3436 illius,
280 3363 329 3441 qui
345 3364 420 3426 inter
434 3365 491 3424 hos
506 3364 621 3426 honest
602 3366 734 3426 tissimus
750 3371 819 3438 erat,
834 3371 893 3424 tam
908 3365 988 3426 valde
1004 3365 1141 3442 intonuit,

35 3455 67 3507 ιιι
85 3455 176 3510 totam
198 3448 357 3511 concitaret
375 3451 517 3512 viciniam.
549 3451 644 3531 itaque
659 3451 767 3529 vigiles,
789 3448 837 3530 qui
853 3451 1056 3514 custodiebant
1071 3453 1141 3515 vici-

33 3550 102 3592 nam
114 3534 272 3612 regionem,
284 3535 339 3597 rati
350 3535 451 3598 ardere
460 3535 814 3599 Trimalchionisdomum
833 3537 1009 3618 ellregerunt
1024 3539 1140 3601 ianuam

36 3618 133 3680 subito
154 3628 267 3684 etcum
290 3641 362 3702 aqua
385 3621 595 3720 securibusque
616 3621 789 3684 tumultuari
810 3642 864 3685 suo
886 3623 949 3686 iure
969 3631 1139 3704 coeperunt.

36 3722 94 3765 nos
111 3707 294 3769 occasionem
315 3708 598 3789 opportunissimam
618 3709 697 3770 nacti
716 3709 928 3790 Agamemnoni
950 3711 1037 3772 verba
1058 3708 1139 3772 dedi-

36 3809 104 3850 mus
119 3794 305 3874 raptimquet
307 3813 354 3855 am
369 3796 456 3876 plane
471 3813 559 3874 quam
575 3815 609 3856 ex
624 3795 761 3858 incendio
776 3796 904 3877 fugimus

122 3979 213 4045 neque
227 3965 277 4028 tax
291 3965 370 4028 ulla
363 3984 393 4028 m
408 3965 523 4046 praesid
526 3965 554 4029 io
571 3973 645 4042 erat,
667 3985 741 4055 quae
756 3967 810 4030 iter
825 3966 949 4054 aperiret
964 3963 1140 4044 errantibus,
1156 3969 1195 4032 79
