2762 4344
177 246 217 311 38
651 238 824 320 rarnouu

261 418 316 462 nec
329 397 405 460 ullus
421 404 467 469 tot
481 397 626 458 malorum
642 396 711 457 finis
726 394 845 468 luisset,
865 393 923 457 nisi
938 393 1183 474 epidipnisesset
1198 395 1292 470 allata,

176 485 254 549 turdi
276 485 403 563 siligine,
425 483 487 546 uvis
509 482 605 562 passis
624 481 807 560 nucibusque
821 481 901 544 farsi.
932 479 1062 543 insecuta
1078 489 1146 542 suut
1162 481 1293 562 Cydonia

177 574 267 634 etiam
285 572 361 632 mala
381 570 473 650 spinis
494 569 621 642 contina,
641 576 675 628 ut
694 567 814 629 echinos
836 568 992 629 efficerent.
1027 574 1056 628 et
1075 568 1147 629 haec
1171 568 1291 647 quidem

177 656 335 719 tolerabilia
351 663 446 730 erant,
467 655 492 716 si
513 673 574 715 non
594 653 747 715 fericulum
762 654 848 732 longe
863 653 1063 714 monstrosius
1081 654 1240 729 effecisset,
1261 661 1293 715 ut

178 743 222 803 vel
236 743 315 803 fame
330 741 425 821 perire
440 741 605 803 mallemus.
636 758 704 800 nam
722 758 787 800 cum
804 739 919 819 positus
935 746 1030 812 esset,
1045 746 1078 800 ut
1092 757 1148 799 nos
1165 740 1292 820 putaba-

89 824 91 830 ’
179 847 256 900 mus
273 845 358 888 anser
374 827 460 888 altilis
476 826 609 905 circaque
625 825 721 905 pisces
738 833 767 886 01
781 825 915 886 omnium
931 843 1037 903 genera
1052 825 1164 894 avium,
1183 826 1290 886 ...in-

179 914 241 993 quit
257 911 432 974 Trimalchio
451 902 605 991 ‘quicquid
626 909 729 971 videtis
750 911 799 972 hic
814 911 957 992 positum,
978 912 1013 972 de
1027 928 1086 971 uno
1104 930 1233 991 corpore
1249 921 1294 974 est

177 989 305 1061 factum?
341 1017 412 1076 ego,
433 997 543 1058 scilicet
561 997 652 1057 homo
673 996 937 1075 prudentissimus
959 997 1056 1057 statim
1076 996 1203 1058 intellexi
1226 998 1293 1078 quid

178 1092 269 1158 esset,
290 1092 319 1144 et
336 1082 496 1162 respiciens
516 1083 765 1160 Agamemnonem
782 1073 939 1144 ‘mirabor'
960 1082 1079 1162 inquam
1096 1073 1172 1144 ‘nisi
1193 1085 1294 1146 omnia

179 1171 233 1231 ista
247 1171 282 1230 de
295 1215 302 1229 .
314 1215 320 1230 .
332 1215 339 1229 .
351 1169 425 1231 facta
438 1176 509 1230 sunt
519 1176 570 1228 aut
581 1175 659 1228 certe
671 1169 706 1228 de
718 1168 788 1229 1010.
810 1169 868 1230 vidi
877 1169 987 1230 Romae
996 1169 1200 1232 Saturnalibus
1214 1171 1293 1231 eius-

123 1261 163 1322 70
179 1255 260 1316 modi
282 1272 420 1316 cenarum
441 1254 596 1333 imaginem
616 1244 698 1314 fieri.²
726 1255 851 1316 necdum
871 1254 1004 1315 finieram
1019 1255 1204 1330 sermonem,
1226 1275 1293 1317 curn

119 3911 157 3972 71

179 1340 356 1418 Trimalchio
372 1340 424 1401 ait:
437 1331 487 1401 ‘ita
504 1359 633 1402 crescam
650 1339 839 1419 patrimonio,
855 1358 917 1401 non
932 1359 1066 1420 corpore,
1083 1350 1116 1403 ut
1130 1342 1187 1402 ista
1203 1361 1292 1404 cocus

98 1487 102 1494 ,
179 1444 264 1486 meus
286 1426 321 1485 de
342 1444 433 1505 porco
454 1426 530 1487 lecit.
557 1443 619 1486 non
639 1433 739 1505 potest
759 1446 824 1486 esse
844 1427 1002 1506 pretiosior
1021 1427 1124 1487 homo.
1157 1427 1292 1502 volueris,

179 1512 215 1572 de
230 1510 313 1572 vulva
327 1511 414 1572 faciet
429 1511 555 1590 piscem,
572 1512 608 1573 de
622 1510 704 1573 lardo
720 1512 906 1591 palumbum,
928 1514 963 1574 de
979 1531 1069 1592 perna
1085 1519 1242 1604 turturem,
1261 1516 1294 1576 de

181 1596 309 1674 colaepio
330 1595 473 1673 gallinam.
504 1604 533 1657 et
550 1597 616 1657 ideo
638 1597 756 1676 ingenio
777 1619 844 1660 meo
867 1599 1039 1680 impositum
1061 1607 1106 1660 est
1125 1599 1164 1660 illi
1182 1619 1292 1663 nomen

179 1681 387 1755 bellissimum;
401 1700 468 1741 nam
484 1681 627 1743 Daedalus
642 1690 771 1744 vocatur.
804 1693 834 1745 et
848 1685 914 1764 quia
929 1685 1037 1748 honam
1053 1693 1184 1750 mentem
1198 1687 1293 1762 habet,

180 1767 261 1828 attoli
276 1765 316 1826 illi
330 1766 424 1826 Roma
439 1785 546 1828 munus
564 1768 673 1829 cultros
689 1768 796 1830 Norico
812 1762 909 1832 ferro.³
939 1790 1014 1850 quos
1032 1772 1129 1832 statim
1145 1773 1233 1835 iussit
1249 1775 1292 1836 al-

179 1851 250 1913 10111
276 1851 483 1932 inspectosque
509 1854 632 1915 miratus
654 1861 706 1914 est.
743 1856 828 1917 etiam
849 1856 936 1918 nobis
955 1864 1132 1937 potestatem
1153 1858 1235 1936 lecit,
1262 1869 1293 1924 ut

179 1929 351 2000 mucronem
367 1939 402 1999 ad
419 1938 540 1999 buccam
557 1940 758 2019 probaremus.

265 2024 363 2086 subito
379 2024 561 2086 intraverunt
576 2027 635 2087 duo
652 2027 735 2101 servi,
751 2035 891 2107 tanquam
908 2028 956 2107 qui
972 2029 1064 2090 rixam
1081 2030 1117 2091 ad
1132 2030 1231 2092 lacum
1249 2031 1264 2092 f
1279 2066 1293 2077 ·

180 2108 302 2184 cissent3
324 2109 451 2171 certain
472 2112 545 2173 collo
568 2112 663 2173 adhuc
684 2113 841 2193 amphoras
861 2115 1014 2176 habebant.
1045 2135 1111 2177 cum
1133 2135 1204 2198 ergo
1227 2118 1292 2179 Tri-

179 2195 304 2257 malchio
327 2195 373 2257 ius
393 2196 470 2257 inter
489 2197 635 2276 litigantes
655 2199 777 2274 diceret,
798 2209 901 2262 neuter
922 2201 1095 2262 sententiam
1110 2203 1178 2264 tulit
1193 2205 1292 2266 decer-

179 2280 292 2352 nentis,
309 2283 361 2342 sed
377 2281 494 2344 alterius
511 2284 685 2363 amphoram
698 2285 777 2346 fuste
793 2287 948 2366 percussit.
979 2289 1159 2349 consternati
1174 2308 1232 2351 nos
1247 2291 1292 2352 in-

180 2366 302 2426 solentia
322 2367 472 2429 ebriorum
489 2368 695 2431 intentavimus
712 2373 813 2434 oculos
828 2373 858 2434 in
874 2374 1050 2452 proeliantes
1064 2376 1292 2456 notavimusque

181 2459 280 2512 ostrea
299 2452 489 2532 pectinesque
509 2474 525 2514 e
546 2455 651 2533 gastris
665 2455 804 2531 labentia,
827 2477 900 2536 quae
915 2459 1034 2521 collecta
1049 2479 1123 2538 puer
1137 2462 1222 2524 lance
1237 2464 1292 2525 cir·

180 2534 321 2598 cumtulit.
352 2537 405 2598 has
422 2539 547 2600 lautitias
563 2541 695 2620 aequavit
710 2542 879 2621 ingeniosus
896 2563 998 2619 cocus3
1014 2547 1043 2606 in
1061 2547 1199 2609 craticula
1216 2550 1289 2610 enim

180 2629 314 2700 argentea
330 2623 462 2684 cochleas
479 2625 574 2685 attulit
588 2629 754 2688 0111010010
769 2630 992 2710 taeterrimaque
1008 2651 1077 2693 voce
1093 2635 1230 2696 cantavit.

264 2707 356 2785 pudet
369 2709 486 2783 referre,
502 2729 575 2789 quae
590 2720 742 2773 secuntur:
763 2714 893 2777 inaudito
911 2717 988 2778 enim
1004 2737 1087 2779 more
1102 2721 1187 2800 pueri
1204 2719 1289 2801 capil-

177 2791 226 2852 lati
241 2793 402 2854 attulerunt
416 2803 599 2874 unguentum
614 2797 646 2858 in
662 2807 797 2876 argentea
810 2802 889 2880 pelve
902 2803 1049 2883 pedesque
1059 2807 1291 2868 recumbentium

178 2885 336 2952 unxerunt,
352 2897 418 2940 cum
435 2888 502 2942 ante
518 2901 602 2944 crura
617 2885 751 2964 talosque
768 2887 886 2948 corollis
903 2889 1074 2952 vinxissent.
1104 2891 1175 2954 hinc
1190 2913 1226 2954 ex
1241 2912 1293 2955 eo·

171 2962 243 3028 dem
261 2973 410 3043 unguento
426 2967 457 3027 in
472 2967 615 3030 vinarium
632 2977 717 3050 atque
732 2972 880 3036 lucernam
896 2975 1076 3055 aliquantum
1095 2985 1140 3040 est
1160 2979 1293 3042 infusum

262 3135 318 3198 iam
341 3145 477 3218 coeperat
492 3137 651 3202 Fortunata
670 3141 740 3203 velle
755 3144 874 3219 saltare,
890 3145 948 3206 iam
966 3147 1093 3210 Scintilla
1108 3149 1292 3230 frequentius

177 3220 332 3300 plaudebat
346 3241 432 3302 quam
448 3224 631 3304 loquebatur,
650 3245 716 3288 curn
730 3227 906 3292 Trimalchio
920 3223 1085 3311 ‘permitto'
1099 3235 1196 3315 inquit
1208 3228 1293 3299 ‘Phi-

176 3306 288 3385 largyre
307 3316 336 3368 et
353 3307 466 3384 Carrio,
486 3311 541 3372 etsi
560 3313 747 3390 prasinianus
769 3335 800 3376 es
819 3316 967 3391 famosus,
989 3319 1035 3380 dic
1055 3328 1083 3381 et
1097 3321 1292 3402 Menophilae,

178 3390 381 3454 contubernali
401 3401 484 3469 tuae,
505 3389 687 3460 discumbat.²
717 3401 785 3480 quid
801 3401 914 3464 11101111
933 3423 1024 3483 leaena
1040 3407 1171 3469 delectis
1188 3409 1292 3471 deiecti

177 3493 291 3552 sumus,
306 3478 378 3539 adeo
394 3485 488 3541 totum
504 3483 660 3546 triclinium
676 3485 782 3548 familia
798 3498 997 3569 occupaverat.
1029 3501 1105 3554 certe
1120 3511 1174 3573 ego
1190 3497 1292 3558 notavi

176 3581 328 3643 superine
342 3565 473 3644 positum
489 3586 601 3644 cocum,
617 3571 666 3650 qui
678 3571 713 3634 de
724 3592 817 3653 porco
831 3593 964 3636 anserem
976 3577 1091 3653 fecerat,
1108 3581 1204 3642 muria
1217 3599 1291 3643 con-

176 3649 370 3730 dimentisque
385 3651 533 3713 fetentem.
564 3671 619 3716 nec
635 3665 790 3720 contentus
805 3660 861 3722 fuit
875 3663 1060 3740 recumbere,
1078 3666 1130 3727 sed
1146 3669 1289 3730 continuo

174 3735 326 3816 Ephesum
342 3739 514 3816 tragoedum
527 3741 624 3819 coepit
634 3741 741 3822 imitari
753 3753 781 3806 et
793 3746 917 3808 subinde
929 3748 1081 3813 dommum
1094 3770 1182 3814 suum
1196 3774 1290 3835 spon-

176 3821 260 3884 sione
274 3841 437 3902 provocare
448 3816 485 3885 ‘si
501 3825 639 3905 prasinus
655 3831 798 3908 proximis
815 3831 991 3895 circensibus
1003 3837 1127 3916 primam
1140 3831 1288 3918 palmam'.

261 3907 383 3974 diffusus
399 3910 455 3974 hac
470 3912 657 3974 contentione
675 3914 851 3980 Trimalchio
864 3911 970 3982 ‘amici'
985 3921 1079 4003 inquit
1090 3915 1131 3986 ‘et
1143 3925 1219 3987 servi
1231 3927 1288 3987 ho·
