2762 4344
581 237 726 291 sarasan
1166 243 1207 306 pp

88 404 214 486 ingenio
234 403 483 484 prudentissimae
502 405 644 479 feminae,
671 413 851 510 posteroque
871 407 918 470 dle
937 407 1064 490 populus
1083 407 1206 471 miratus

88 501 151 567 est,
166 509 225 572 qua
241 491 356 553 ratione
371 499 507 552 mortuus
522 491 595 552 isset
608 491 639 552 in
654 483 790 554 crucem?

180 578 246 639 risu
262 593 401 656 excepere
415 575 541 638 fabulam
559 585 676 652 nautae,
699 579 745 656 [et]
762 578 953 642 erubescente
971 597 1033 642 non
1047 579 1206 642 mediocri
1218 577 1277 640 113

87 673 138 726 ter
154 663 333 744 Tryphaena
354 661 522 742 vultumque
542 679 629 724 sunna
651 681 742 743 super
760 664 899 726 cervicem
916 665 1031 727 Gitonis
1047 667 1208 728 amabiliter

88 759 235 852 ponente.
272 754 301 810 at
326 765 389 809 non
416 747 519 809 Lichas
544 747 622 822 risit,
650 749 702 810 sed
723 749 830 811 iratum
852 769 1043 814 commovens
1063 742 1176 832 caput
1183 753 1207 813 si

88 827 205 898 iustua’
225 834 322 914 inquit
340 823 517 911 ‘imperator
536 833 654 907 luisset,
676 835 776 896 debuit
794 836 886 940 patris
906 836 1032 900 familiae
1052 855 1163 919 corpus
1177 837 1208 899 in

90 922 315 983 monimentum
332 918 451 992 referre,
467 919 618 981 mulierem
635 920 761 1000 adfigere
776 912 877 983 cruci'.

177 1022 245 1067 uon
261 1003 350 1066 dubie
365 1005 513 1066 redierat
507 1023 535 1066 ιιι
551 1007 683 1067 animum
705 1005 812 1086 Hedyle
824 1005 1207 1088 expilatumqaelbtatnosa

97 1091 275 1172 migratione
295 1090 450 1169 navigium.
482 1091 534 1152 sed
550 1109 606 1153 neo
634 1092 762 1153 ioederis
777 1093 863 1154 rerba
879 1093 1087 1173 permitterent
1102 1095 1207 1156 memi-

96 1179 182 1250 nisse,
200 1194 260 1238 neo
275 1176 415 1248 hilaritas,
430 1194 505 1256 quae
519 1185 782 1256 praeoccupaverat
796 1186 925 1250 mentes,
942 1177 1028 1240 dabat
1043 1179 1208 1241 iracundiae

90 1263 204 1325 locum.
234 1270 365 1324 ceterum
381 1261 552 1342 Tryphaena
573 1263 603 1324 in
624 1263 735 1342 gremio
752 1262 867 1325 Gitonis
882 1263 980 1343 posita
996 1265 1086 1326 modo
1101 1265 1207 1346 imple·

90 1350 142 1410 hat
160 1347 275 1410 osculis
296 1355 414 1428 pectus,
436 1347 583 1409 interdum
604 1349 799 1410 concinnabat
816 1350 974 1429 spoliatum
996 1350 1124 1411 crinibus
1143 1350 1207 1412 vul·

88 1444 164 1497 tum.
214 1452 269 1514 ego
285 1440 415 1494 maestos
430 1440 460 1494 et
474 1433 629 1514 impatiens
644 1434 771 1496 foederis
787 1435 855 1496 novi
869 1453 930 1496 non
945 1435 1057 1508 cibum,
1074 1454 1134 1498 non
1151 1456 1207 1516 po·
1297 1502 1299 1505 ,

87 1521 208 1582 tionem
224 1518 391 1599 capiebam,
405 1519 455 1580 sed
473 1519 598 1598 obliquis
614 1520 804 1599 trucibusque
820 1520 913 1582 oculis
929 1530 1077 1600 utrunque
1091 1531 1207 1602 specta-

87 1608 171 1668 barn.
205 1604 305 1666 omnia
321 1621 369 1665 me
384 1605 484 1667 oscula
498 1605 699 1674 vulnerabant,
716 1623 820 1667 omnes
831 1605 1003 1681 blanditiae,
1018 1625 1208 1689 quascunque

88 1691 205 1753 mulier
217 1690 373 1751 libidinosa
388 1690 523 1769 lingebat.
552 1709 607 1752 neo
620 1700 717 1753 tamen
733 1691 830 1753 adhuc
843 1692 981 1764 sciebam,
1000 1703 1098 1755 utrum
1116 1694 1207 1774 magis

87 1795 189 1858 puero
206 1776 358 1845 irascerer,
374 1777 452 1855 quod
468 1777 591 1837 amicam
608 1777 679 1838 mihi
695 1776 830 1849 auferret,
846 1796 883 1839 an
898 1778 1021 1850 amicae,
1039 1780 1117 1859 quod
1134 1797 1207 1858 prue-

86 1881 160 1926 rnm
183 1869 404 1941 corrumperet:
425 1869 549 1941 utraque
568 1861 769 1924 inimicissima
789 1863 880 1926 oculis
902 1864 976 1926 meis
995 1872 1025 1926 et
1044 1865 1208 1944 captivitate

87 1948 251 2030 praeterita
282 1946 422 2009 tristiora.
461 1947 616 2010 accedebat
641 1949 712 2020 buo,
740 1949 820 2027 quod
850 1965 946 2029 neque
966 1950 1138 2030 Tryphaena
1160 1969 1208 2012 me

88 2034 301 2114 alloquebatur
319 2041 458 2113 uinquam
479 2033 651 2095 familiarem
673 2042 702 2095 et
720 2034 876 2114 aliquando
892 2041 1005 2113 gratum
1022 2035 1076 2096 sibi
1092 2045 1206 2097 amato·

88 2139 171 2190 rem,
194 2137 252 2181 nee
271 2119 359 2180 Giton
382 2137 429 2180 me
447 2126 497 2181 aut
516 2119 655 2182 tralaticia
675 2120 881 2200 propinatione
907 2120 1026 2199 dignum
1052 2120 1205 2194 indicabat,

91 2216 141 2269 aut
155 2205 239 2286 quod
256 2204 411 2266 minimum
428 2212 486 2276 est,
501 2221 639 2267 sermone
655 2205 805 2267 communi
822 2203 956 2276 vorabat,
973 2205 1077 2276 credo,
1097 2205 1207 2272 veritus

93 2310 129 2352 ne
146 2292 227 2352 inter
242 2290 324 2352 initia
339 2289 472 2352 coeuntis
488 2291 596 2369 gratiae
610 2300 757 2353 recentem
770 2291 932 2353 cicatricem
946 2291 1132 2353 rescinderet.
1160 2293 1207 2353 in·

94 2379 245 2440 nudavere
256 2383 360 2456 pectus
373 2375 506 2438 lacrimae
518 2376 620 2438 dolore
632 2386 758 2457 paratae,
775 2381 957 2457 gemitusque
968 2377 1096 2457 suspirio
1112 2385 1206 2442 tectno

97 2465 225 2524 animam
241 2479 335 2541 paene
350 2461 498 2524 submovit

639 2560 660 2599 il·

183 2633 212 2696 in
234 2640 348 2714 partem
368 2631 527 2712 voluptatis
541 2632 673 2694 tentabat
686 2632 808 2708 admitti,
821 2651 877 2694 nec
890 2632 1003 2694 domini
1019 2632 1206 2712 supercilium

96 2719 245 2792 induebat,
262 2719 314 2781 sed
330 2717 415 2780 amici
432 2720 589 2798 quaerebat
604 2719 779 2799 obsequium

638 2815 660 2856 a

179 2883 334 2987 ‘siquid
327 2889 445 2968 ingenui
462 2889 615 2969 sanguinis
628 2889 728 2961 hahes,
744 2889 906 2992 nonpluris
917 2888 995 2951 illam
1007 2888 1105 2964 iacies,
1119 2908 1206 2969 quam

95 2993 247 3058 spurcam.
279 2975 304 3036 si
320 2974 363 3036 vir
377 2975 478 3050 fueris,
493 2993 554 3037 non
569 2976 624 3036 ibis
640 2976 674 3037 ad
691 2965 858 3055 spintriam

639 3071 661 3112 a

76 3171 79 3178 ¹
182 3166 233 3210 me
252 3145 324 3208 nihil
340 3145 433 3225 magis
449 3145 596 3226 pungebat
611 3165 698 3227 (ynam
715 3164 752 3207 ne
766 3145 931 3224 Eumolpus
948 3143 1104 3217 sensisset,
1125 3144 1208 3226 quic·

95 3232 165 3314 quid
181 3233 253 3295 illud
267 3232 370 3306 luerat,
385 3239 415 3293 et
430 3232 520 3293 bomo
537 3232 739 3294 dicacissimus
755 3231 933 3294 carminibus
948 3231 1109 3293 vindicaret

640 3331 660 3370 ii

181 3404 260 3466 iurat
274 3403 438 3483 Eumolpus
454 3402 550 3465 verbis
566 3402 800 3484 conceptissimis

639 3499 660 3538 a

182 3576 255 3636 dum
271 3574 342 3635 haee
353 3574 477 3654 taliaque
488 3575 644 3649 iactamus,
661 3573 807 3637 inhorruit
817 3591 898 3636 mare
913 3572 1067 3654 nubesque
1080 3572 1209 3654 undique
1220 3579 1279 3639 114

98 3661 240 3722 adductae
257 3659 381 3720 obruere
396 3661 523 3721 tenebris
539 3661 626 3721 diem.
657 3661 828 3722 discurrunt
842 3669 947 3722 nautae
959 3661 994 3722 ad
1008 3660 1102 3721 cilicia
1115 3660 1208 3738 trapi-

97 3747 200 3808 dantes
215 3746 336 3825 velaque
351 3753 478 3826 tempest
466 3747 517 3808 tati
533 3745 708 3808 subducunt.
740 3747 790 3808 sed
808 3763 863 3807 uec
878 3754 973 3809 certus
986 3746 1092 3806 linctus
1103 3755 1208 3806 ventus

97 3831 262 3911 impulerat,
277 3847 333 3892 neo
347 3849 405 3912 quo
421 3832 579 3894 destinaret
594 3849 713 3892 cursum
717 3832 918 3911 ,gubernator
932 3831 1049 3893 sciehat.
1081 3828 1209 3892 Siciliam

98 3918 188 3980 modo
200 3923 305 3978 ventus
318 3916 411 4038 dabat,
422 3917 594 3998 saepissime
608 3918 646 3996 [in
660 3921 753 3996 oram]
766 3915 857 3979 Italici
869 3916 963 3979 litoris
975 3915 1072 3996 aquilo
1085 3935 1209 3996 posses-

974 4016 1008 4067 5*
