2762 4344
208 1548 268 1606 stas
289 1547 440 1609 natantium
462 1546 532 1609 XVI
546 1549 599 1610 17:
622 1569 699 1612 nuno
720 1548 763 1612 66
783 1551 886 1613 eodem
908 1552 1023 1632 agmine
1039 1551 1174 1613 Annaeus

214 1633 282 1693 italis
295 1635 421 1710 Anicius
438 1636 539 1696 Rufius
552 1636 703 1716 Crispinus
719 1658 752 1700 ac
764 1638 918 1700 Petronius
931 1638 1070 1700 cecidere.
1115 1648 1175 1698 tum

146 1734 210 1784 -pne
225 1719 274 1778 lo':
291 1721 325 1779 de
341 1721 371 1780 C.
386 1721 521 1782 Petronio
543 1741 633 1802 pauca
655 1743 743 1803 snpra
758 1725 914 1804 repetenda
930 1731 1008 1784 sunt.
1053 1740 1119 1785 nam
1136 1723 1176 1783 illi

138 1829 145 1847 ·
162 1819 208 1870 per
222 1824 370 1878 somnum,
391 1824 449 1866 nox
466 1807 569 1868 officiis
585 1816 614 1869 et
628 1809 847 1871 oblectamentis
863 1809 935 1870 vitae
946 1808 1175 1886 transigebatur3

119 1908 169 1938 auu
181 1885 246 1948 «idos
261 1889 419 1963 industria,
441 1891 479 1951 ita
494 1893 572 1954 hunc
587 1893 699 1972 ignavia
715 1895 749 1955 ad
765 1895 872 1956 famam
889 1895 1063 1973 protulerat,
1084 1893 1174 1954 habe-

134 1989 215 2044 ¹¹que
231 1994 287 2036 non
303 1995 394 2056 ganeo
411 1984 439 2037 et
453 1978 623 2058 profligator
638 1988 670 2041 ut
684 1980 815 2059 plerique
831 2000 883 2042 sua
899 1978 1106 2052 haurientium,
1123 1979 1174 2040 sed

119 2078 188 2112 unm
207 2057 279 2122 luxu.
325 2081 357 2121 ac
377 2061 451 2122 dicta
466 2063 599 2143 factaque
615 2065 677 2126 eius
693 2073 801 2144 quanto
817 2066 958 2127 solutiora
979 2072 1007 2125 et
1028 2065 1173 2144 quandam

125 2147 334 2222 -leaalegentiam
352 2148 550 2226 praeferentia,
567 2156 648 2210 tanto
664 2150 774 2228 gratius
790 2152 820 2210 in
836 2151 963 2230 speciem
980 2148 1173 2228 simplicitatis

137 2226 290 2296 nubantur.
325 2234 486 2311 proconsul
501 2241 599 2296 tamen
615 2234 766 2314 Bithyniae
781 2243 810 2295 et
824 2253 893 2295 mor
909 2235 1013 2296 consul
1028 2234 1174 2312 rigentem

130 2338 160 2368 uu
172 2331 262 2386 parem
279 2319 404 2396 negotiis
424 2319 560 2381 ostendit
592 2320 658 2380 dein
673 2320 820 2381 revolutus
835 2321 871 2381 ad
887 2320 953 2381 vitia
969 2338 1022 2381 sen
1036 2319 1173 2380 vitiorum

126 2397 229 2462 ¹mione
240 2404 316 2465 inter
326 2423 437 2482 paucos
450 2405 633 2466 familiarium
642 2403 938 2486 Neroni'adsnmptus
951 2413 1006 2478 est,
1018 2404 1175 2485 elegantiae

117 2511 137 2532 ¹¹·
152 2501 190 2554 er,
210 2487 277 2548 dum
299 2490 370 2550 nihil
391 2509 547 2552 amoenum
567 2499 595 2552 et
615 2491 702 2552 molle
721 2491 866 2553 affluentia
881 2498 964 2572 putat
979 2490 1037 2552 nisi
1052 2491 1130 2570 quod
1148 2489 1174 2550 ei

112 2597 131 2615 u
148 2570 224 2634 onius
233 2575 459 2653 adprobavisset.
478 2577 558 2637 unde
570 2575 675 2638 invidia
686 2577 817 2656 Tigellini
830 2577 914 2656 quasi
924 2578 1061 2638 adversus
1073 2593 1174 2636 aemu-

124 2680 138 2704 α
155 2663 180 2714 et
196 2659 314 2721 scientia
334 2661 514 2741 voluptatum
536 2662 691 2741 potiorem.
722 2681 791 2742 ergo
809 2662 1006 2724 crudelitatem
1022 2661 1173 2742 principis,

149 2749 249 2805 uterne
273 2745 406 2807 libidines
426 2747 580 2818 cedebant,
606 2748 771 2827 adgreditur
790 2747 946 2810 amicitiam
969 2746 1099 2809 Scaevini
1119 2748 1175 2808 Pe·

129 2844 168 2882 no
184 2829 330 2892 obiectans
346 2839 486 2911 corrupto
502 2832 536 2893 ad
550 2832 689 2894 indicium
702 2852 786 2895 servo
798 2834 991 2913 ademptaque
1003 2831 1175 2893 defensione

108 2938 112 2947 ·
127 2911 219 2974 onore
240 2923 321 2994 parte
335 2916 462 2979 familiae
476 2918 506 2979 in
521 2918 613 2980 vincla
634 2927 725 2998 rapta.
768 2920 844 2981 forte
858 2918 913 2980 illis
928 2918 1031 2979 diebus
1047 2917 1173 2996 Campa-

110 3012 154 3050 ·nn
167 3001 300 3073 petiverat
319 3002 439 3076 Caesar,
461 3010 489 3063 et
504 3004 610 3064 Cumas
631 3023 724 3083 nsque
745 3023 921 3085 progressus
938 3002 1096 3064 Petronius
1117 3000 1173 3062 illic

114 3081 248 3148 tuebatur.
278 3106 332 3148 uec
351 3088 416 3149 tulit
435 3088 508 3150 ultra
529 3088 643 3149 timoris
665 3098 715 3150 aut
736 3089 799 3170 spei
819 3107 927 3150 moras.
963 3106 1056 3168 neque
1075 3095 1174 3148 tannen

103 3184 204 3248 ¹recepe
219 3171 307 3232 vitam
322 3173 431 3253 expulit
445 3175 497 3235 sed
513 3173 619 3236 incisas
635 3192 738 3249 venas,
759 3182 791 3236 nt
804 3174 931 3247 libitum,
948 3173 1088 3252 obligatas
1103 3190 1173 3251 ape-

99 3270 132 3306 no
151 3271 264 3318 rursum
284 3264 313 3318 et
332 3258 438 3339 alloqui
458 3259 585 3333 amicos,
606 3277 668 3321 nou
688 3279 741 3340 per
760 3260 835 3321 seria
855 3267 905 3321 aut
923 3259 1030 3338 quibus
1051 3258 1173 3338 gloriam

98 3343 245 3425 «instantiae
265 3350 384 3421 peteret.
408 3345 598 3424 audiebatque
617 3346 776 3408 referentes
798 3345 870 3406 nihil
895 3345 931 3406 de
956 3344 1174 3406 immortalitate

89 3423 157 3483 inimi
177 3434 205 3488 et
231 3429 405 3508 sapientium
426 3430 554 3509 placitis,
581 3431 633 3492 sed
653 3431 726 3492 levia
747 3430 876 3492 earmina
896 3437 925 3491 et
943 3430 1042 3492 faciles
1062 3447 1173 3492 versus.

96 3523 218 3574 rivorum
234 3513 310 3580 ,alios
330 3515 490 3595 largitione,
507 3517 651 3596 quosdam
668 3516 835 3577 verberibus
852 3515 954 3578 alfeoit.
984 3515 1048 3577 iniit
1063 3515 1171 3595 epulas,

84 3605 171 3658 *omno
191 3599 326 3673 indulsit,
346 3608 379 3661 ut
398 3620 574 3681 quamquam
593 3608 691 3662 coacta
711 3621 793 3663 mors
812 3603 950 3664 fortuitae
964 3602 1067 3662 similis
1084 3606 1172 3662 esset.

84 3695 109 3734 ae
127 3684 261 3746 codicillis
277 3685 408 3765 quidem,
429 3687 508 3766 quod
523 3686 654 3767 plerique
670 3687 870 3766 pereuntium,
892 3688 1040 3749 Neronem
1056 3692 1105 3747 aut
1119 3683 1172 3746 ri-

82 3761 198 3834 ,fellinnm
215 3776 265 3830 aut
278 3789 365 3849 quem
379 3772 468 3833 alium
484 3773 649 3852 potentium
665 3773 797 3835 adulatus
810 3781 863 3845 est,
879 3773 931 3834 sed
944 3771 1048 3850 flagitia
1061 3769 1170 3850 princi-

82 3845 116 3920 nis
130 3855 178 3916 sub
193 3854 363 3918 nominibus
380 3859 559 3920 exoletorum
574 3858 807 3939 feminarumque
824 3866 852 3920 et
862 3858 1019 3919 novitatem
1032 3857 1174 3935 cuiusque

81 3939 158 4020 stupri
175 3941 349 4024 perscripsit
367 3938 452 4024 atque
471 3944 624 4024 obsignata
640 3945 721 4006 misit
735 3944 861 4020 Neroni,
881 3943 1024 4023 fregitque
1040 3943 1171 4016 anulum,
