2728 4344
592 232 734 287 Pnrlrnr

305 392 334 448 et
348 382 411 464 ipse
425 385 512 466 longa
527 393 613 448 nocte
628 388 755 451 dormiat
769 390 850 452 solus

305 470 469 534 libidinosis
480 472 616 534 incitatus
632 473 736 537 crucis.

567 642 739 706 xxxxvlrr

306 745 392 818 Quod
405 750 519 823 partem
535 746 682 807 madidam
698 748 756 809 mei
772 749 886 821 videtu,

306 848 358 909 per
373 848 460 909 quam
484 830 632 909 significor
647 832 772 913 Priapus
786 853 864 907 esse,

303 932 365 975 non
380 934 431 975 rcs
447 922 507 988 est,
524 917 708 991 mihicrede,
725 936 780 980 uec
794 921 909 998 pruina,
930 937 933 944 ⁴

304 1001 354 1061 sed
370 1001 448 1079 quod
465 1008 571 1080 sponte
587 1020 639 1063 sua
655 1003 729 1064 sclet
742 1005 865 1079 remitti,

304 1104 370 1146 cum
386 1103 469 1147 mens
485 1093 530 1147 est
544 1088 676 1166 pathicae
691 1098 806 1150 mernor
821 1091 942 1170 puellae.
1052 1097 1062 1109 ²

564 1257 747 1320 XXXXVllll

302 1357 361 1430 Tu,
379 1357 543 1437 quicunque
557 1359 636 1420 vides
653 1359 726 1422 circa
742 1363 863 1423 tectoria
879 1372 982 1426 nostra

344 1460 404 1503 non
420 1443 544 1504 nimium
561 1446 632 1505 casti
647 1446 775 1508 carmina
790 1448 875 1527 plena
891 1449 963 1522 ioci,

301 1527 433 1590 versibus
450 1528 604 1590 obscoenis
621 1531 729 1592 offendi
744 1532 858 1594 desine:
875 1543 997 1597 nonest

345 1614 471 1681 mentula
488 1615 623 1677 subducti
638 1623 739 1678 nostra
755 1618 910 1697 supercilii.

642 1787 665 1847 L

301 1887 467 1960 Quaedam,
484 1887 510 1948 si
524 1887 617 1966 placet
632 1889 688 1950 hoc
702 1888 770 1963 tihi,
786 1889 905 1973 Priape,

300 1971 474 2034 ficosissima
491 1991 538 2032 me
552 1973 647 2052 puella
662 1974 735 2035 ludit

300 2067 329 2120 et
342 2076 397 2119 nec
412 2058 461 2118 dat
475 2057 546 2119 mihi
562 2075 616 2119 uec
630 2066 717 2138 negat
732 2059 864 2122 daturam

301 2162 463 2222 causasque
478 2142 589 2203 invenit
603 2161 695 2223 usque
710 2144 875 2206 dillerendi:

301 2247 373 2308 quae
388 2229 413 2289 si
429 2228 582 2306 contigerit
595 2228 719 2290 fruenda
733 2229 835 2304 nubis,

300 2321 391 2374 tutam
408 2331 474 2375 cum
490 2312 625 2392 paribus,
642 2313 764 2393 Priape,
781 2313 892 2376 nostris

302 2400 452 2478 cingemus
468 2398 519 2459 tibi
534 2399 692 2461 mentulam
710 2400 840 2461 coronis.

635 2583 673 2646 Ll

299 2688 375 2763 Quid
391 2687 450 2749 hcc
464 2687 562 2765 negoti
579 2693 625 2747 est
641 2705 732 2765 quare
748 2686 883 2766 suspicer
899 2706 985 2750 causa

299 2774 396 2834 venire
411 2773 440 2833 in
456 2773 575 2833 hortum
592 2771 852 2850 plurimosmeum
867 2773 964 2847 fures,

301 2878 366 2921 cum
381 2858 513 2938 quisquis
529 2857 559 2916 iu
575 2873 631 2916 nos
647 2855 762 2930 incidit,
778 2858 838 2918 luat
852 2876 963 2936 poenas

300 2951 328 3005 et
343 2963 436 3023 usqne
452 2961 556 3004 curvos
573 2947 726 3002 excavetur
742 2941 776 3002 ad
793 2940 933 3002 lumbos?

299 3048 360 3091 non
376 3030 447 3090 ficus
463 3027 511 3088 hic
526 3032 571 3086 est
585 3026 774 3106 praeferenda
790 3024 900 3086 vicinae
1091 3045 1105 3092 5

299 3133 441 3195 uvaeque,
459 3113 557 3192 quales
573 3111 643 3172 llava
659 3110 728 3189 legit
742 3111 843 3184 Arete,

299 3218 359 3262 non
376 3199 450 3260 mala
466 3197 578 3259 truncis
595 3197 755 3258 adserenda
770 3196 884 3257 Picenis

300 3287 447 3367 pirumve,
462 3290 544 3345 tanto
561 3283 640 3362 quod
656 3281 785 3362 periculo
803 3288 915 3362 captes,

299 3371 451 3450 magisque
466 3387 530 3430 cera
545 3367 655 3431 luteum
671 3386 746 3429 ncva
762 3385 889 3446 prunum

301 3457 457 3518 scrbnmre
471 3462 587 3515 ventres
603 3453 729 3514 lubricos
746 3459 939 3514 moraturum.
1077 3468 1106 3516 10

299 3541 453 3623 praesigne
464 3540 537 3602 rami
552 3558 606 3601 uec
620 3538 678 3599 mei
692 3539 790 3598 ferunt
805 3556 921 3599 morum

261 3621 264 3626 ’
300 3645 442 3689 nucemve
457 3626 591 3704 longam,
609 3643 696 3704 quam
711 3632 817 3685 vocant
831 3623 1003 3696 avellanam,

300 3713 519 3793 amygdalumve
533 3711 607 3772 flore
621 3728 771 3791 purpureo
786 3709 910 3788 fulgens.

301 3816 363 3860 nen
379 3796 576 3859 brassicarum
591 3796 669 3857 ferre
684 3793 795 3874 glorior
811 3795 906 3856 caules

301 3883 431 3955 betasve,
449 3888 571 3963 quantas
586 3881 690 3944 hortus
706 3880 809 3942 educat
824 3880 932 3952 nullus,
1076 3893 1106 3943 15
