2762 4344
178 265 216 330 ιι
650 257 808 313 rnruonn

176 417 254 480 enim
269 415 479 496 repositorium
492 412 645 476 duodecim
661 412 822 474 habebat
798 429 881 491 signa
896 411 926 473 ιιι
942 411 1012 473 orbe
1028 411 1182 492 disposita,
1195 431 1311 493 super

92 527 101 544 ·
175 521 248 583 quae
268 501 423 582 proprium
444 499 723 596 convenientemque
742 517 789 559 mu
790 498 913 559 teriaes
899 504 1029 559 structor
1043 497 1236 578 imposuerat
1253 500 1309 560 ci-

174 589 260 650 bum:
277 604 367 667 super
382 586 501 648 arietem
513 603 589 646 omer
599 583 764 657 arretinum
780 598 871 662 super
880 589 997 644 tamum
1009 582 1132 645 bubulae
1143 584 1308 658 frustum

176 689 265 752 super
279 672 412 751 geminos
428 671 577 732 testicrdos
594 689 627 730 ac
641 669 747 741 rienes
763 687 852 748 super
867 685 1005 730 cancrum
1021 685 1176 743 coronam,
1193 687 1311 749 super

174 759 289 819 leonem
305 757 392 818 ficum
409 756 584 829 Africanam,
600 773 689 835 super
704 753 844 832 virginem
860 753 1056 827 sterilioulam,
1074 774 1166 835 super
1179 754 1308 818 libram

176 850 312 905 stateram
326 843 356 903 in
368 843 450 905 cuius
462 842 549 902 altera
561 847 643 922 parte
655 840 780 901 scriblita
793 847 861 914 erat,
874 841 904 899 in
920 839 1009 900 altera
1025 841 1171 920 placenta,
1194 859 1311 920 super

177 928 366 1008 scorpionem
397 927 571 1008 pisciculum
599 926 757 1000 marinum,
789 943 879 1005 super
904 925 1083 1003 sagittarium
1109 925 1306 1005 οιιοριιιιιι,

177 1033 267 1095 super
285 1014 487 1094 capricomum
508 1012 651 1072 locustam
672 1011 830 1085 ιιιιιιιιιιιιι,
855 1029 945 1090 super
969 1011 1121 1090 aquarium
1141 1029 1309 1089 ιιιιιιιιιι,

176 1118 267 1180 super
281 1101 378 1178 pisces
395 1100 469 1160 duos
484 1097 600 1158 mullos.
629 1097 659 1157 in
675 1096 772 1157 medio
788 1103 884 1160 autem
901 1115 1019 1176 caespes
1036 1115 1102 1158 cum
1117 1097 1222 1158 herbis
1243 1117 1308 1160 ex·

176 1187 254 1248 cisus
274 1185 371 1246 favum
394 1183 566 1246 sustinebat.
595 1181 814 1244 circumferebat
834 1182 991 1262 Aegyptius
1011 1201 1086 1263 puer
1105 1183 1225 1246 clibano
1246 1203 1307 1246 ar·-

178 1279 281 1380 genteo
297 1288 405 1350 panem

199 1461 203 1466 ·
261 1449 348 1520 atque
361 1441 426 1520 ipse
440 1459 455 1500 e
456 1440 526 1502 tiam
541 1438 706 1500 taeterrima
720 1456 791 1499 voce
806 1438 843 1498 de
857 1438 1068 1536 Laserpiciario
1083 1438 1176 1500 mimo
1192 1441 1305 1502 canti-

179 1544 245 1587 cum
261 1527 392 1586 extorsit
422 1529 526 1586 nosut
540 1525 686 1586 tristiores
702 1523 737 1584 ad
752 1532 811 1584 tam
825 1523 893 1584 viles
907 1525 1085 1586 accessimus
1099 1515 1212 1598 cibos,
1217 1544 1304 1588 sua-

123 1607 162 1667 36
178 1601 248 1672 deo
264 1610 357 1689 inquit
371 1601 570 1671 ἰἰιιιιιιιιιιιιι
573 1626 725 1682 canemus3
740 1609 797 1669 hoc
812 1610 877 1670 cst
870 1628 916 1670 rus
933 1601 1041 1672 cenae'.
1072 1610 1143 1672 haec
1157 1617 1190 1671 ut
1205 1611 1304 1686 dixit,

142 1741 145 1748 .
178 1696 213 1756 ad
233 1695 439 1775 symphoniam
460 1702 529 1774 quat
516 1702 598 1756 ttuor
611 1693 805 1774 tripudiantes
820 1701 1030 1773 procurrerunt
1044 1695 1305 1777 superioremque

177 1788 290 1860 partem
306 1781 475 1861 repositorii
491 1779 682 1841 abstulerunt.
713 1797 771 1858 quo
786 1779 863 1840 facto
880 1780 1011 1842 videmus
1026 1780 1101 1842 infra
1121 1780 1251 1858 [scilicet
1265 1783 1305 1844 ιιι

178 1866 269 1928 altero
283 1866 403 1944 ferculo]
421 1865 506 1927 altilia
526 1872 554 1926 et
569 1865 685 1926 sumina
701 1864 890 1944 leporemque
905 1865 935 1926 in
950 1866 1047 1927 medio
1063 1865 1160 1945 pinnis
1177 1866 1304 1930 subor-

177 1959 294 2026 natum,
311 1957 343 2012 ut
357 1951 485 2030 Pegasus
501 1950 654 2013 videretur.
684 1949 848 2010 notavimus
864 1951 950 2012 etiam
966 1951 1040 2023 circa
1057 1951 1179 2030 angulos
1194 1969 1302 2032 repo-

177 2036 270 2098 sitorii
284 2037 412 2117 Marsyas
428 2043 575 2134 quattuor,
590 2055 625 2096 ex
641 2049 767 2114 quorum
780 2035 912 2098 utriculis
923 2053 1025 2114 garum
1038 2037 1202 2116 piperatum
1219 2057 1303 2100 cur·

119 2141 122 2146 ·
177 2123 258 2184 rebat
273 2141 361 2202 super
375 2122 481 2202 pisces,
497 2123 546 2202 qui
560 2128 709 2202 tamquam
724 2121 757 2182 in
770 2121 872 2201 euripo
888 2121 1034 2183 natabant.
1065 2123 1167 2182 damus
1180 2121 1303 2188 omnes

176 2207 311 2304 plausum
328 2228 344 2270 a
359 2208 468 2270 familia
481 2207 629 2287 inceptum
647 2213 675 2268 et
686 2225 734 2268 res
746 2206 938 2268 electissimas
949 2206 1046 2268 rident
1033 2213 1077 2268 tes
1090 2207 1303 2310 aggredimur.

176 2311 236 2355 non
259 2293 357 2355 minus
377 2302 406 2354 et
394 2293 596 2373 t'l'rimalohio
612 2292 759 2353 eiusmodi
775 2299 834 2352 met
821 2291 924 2353 thodio
939 2285 1054 2353 lactus
1060 2283 1165 2371 Carpe'
1180 2291 1301 2372 inquit

107 2380 110 2387 '
177 2379 322 2474 processit
351 2377 448 2440 statim
481 2377 591 2438 scissor
619 2383 647 2438 et
672 2378 707 2438 ad
734 2377 940 2456 symphoniam
966 2376 1004 2438 ita
1029 2377 1217 2456 gesticulatus
1249 2380 1302 2441 la-

178 2462 284 2523 ceravit
310 2462 538 2536 obsonium,t
505 2470 538 2522 ut
563 2468 617 2540 put
618 2480 682 2522 ares
708 2461 887 2522 essedarium
914 2461 1052 2540 hydraule
1074 2469 1207 2525 cantante
1232 2483 1301 2544 pu-

177 2564 275 2648 gnare.
303 2547 454 2626 ingerebat
471 2546 564 2608 nihilo
578 2547 677 2608 miuus
694 2545 869 2608 Trimalchio
884 2547 1046 2608 lentissima
1059 2566 1143 2609 voce:
1163 2538 1297 2629 Carpe,

176 2623 286 2710 Carpe'.
319 2651 375 2710 ego
400 2631 565 2710 suspicatus
591 2632 627 2693 ad
653 2631 778 2710 aliquam
803 2631 919 2692 urbauit
906 2639 997 2694 tatem
1018 2633 1127 2694 totiens
1150 2632 1290 2695 iteratam

177 2735 277 2776 vocem
292 2717 452 2813 pertinere,
471 2734 533 2777 non
551 2716 654 2778 erubui
673 2733 739 2777 eum
761 2716 809 2795 qui
831 2736 921 2796 supra
940 2737 986 2778 me
1005 2717 1205 2792 accumbebat,
1228 2719 1297 2782 hoc

176 2802 274 2881 ipsum
292 2801 489 2905 interrpgaro.
530 2808 559 2862 ιι
584 2800 643 2875 ille,
669 2800 719 2898 qui
744 2801 860 2881 saepius
886 2803 1031 2864 eiusmodi
1056 2803 1142 2864 ludos
1168 2813 1297 2883 spacta-

117 2883 120 2890 '
176 2894 269 2962 verat,
292 2877 400 2948 ‘rides
422 2885 517 2966 iuquit
532 2877 627 2947 illum
650 2885 699 2966 qui
718 2887 876 2948 obsonium
898 2888 1002 2968 carpit:
1022 2887 1135 2968 Carpus
1153 2897 1298 2954 vocatur.

177 2972 274 3052 itaque
283 2979 514 3052 qualescunque
526 2963 742 3051 drcn‘Carpe’,
754 2973 857 3034 codun
869 2974 958 3035 uerbo
970 2982 999 3035 et
1009 2981 1093 3035 vocat
1104 2980 1132 3035 et
1142 2970 1301 3053 imperat

122 3058 161 3118 37
260 3077 321 3120 uon
341 3078 380 3139 po
382 3059 425 3120 tui
445 3057 569 3138 amplius
590 3058 743 3138 quicquam
758 3066 888 3138 gustare,
910 3059 963 3120 sed
979 3077 1137 3122 conversus
1154 3059 1190 3120 ad
1205 3079 1300 3136 eum,

179 3149 311 3221 utquam
327 3144 452 3224 plurima
466 3143 642 3223 exciperem,
657 3144 745 3223 longo
759 3161 907 3206 emersere
921 3145 1035 3206 fabulas
1051 3145 1135 3224 coepi
1150 3146 1299 3210 sciscita-

178 3227 270 3305 rique‚
283 3248 360 3330 quae
375 3235 451 3290 esset
439 3228 571 3290 tmulier
583 3227 629 3289 rlla
640 3245 712 3308 quae
724 3230 784 3290 huc
794 3237 881 3308 atque
892 3229 959 3292 illuc
970 3222 1190 3292 discurreret
1198 3225 1297 3295 uxor'

177 3312 273 3408 inquit
283 3303 541 3387 ‘Trimalchionis
561 3313 720 3375 Fortunata
741 3315 916 3412 ιρριιιιι,ιιι
937 3333 1011 3395 quae
1027 3333 1167 3378 nummos
1183 3319 1297 3381 modio

177 3396 305 3458 metitur.
335 3406 363 3459 et
377 3399 477 3472 modo,
493 3398 585 3461 modo
599 3398 668 3480 quid
682 3397 761 3461 ruit?
790 3399 923 3478 ignoscet
936 3401 1008 3462 mihi
1020 3401 1121 3480 genius
1132 3408 1211 3475 tune,
1229 3421 1295 3466 uo-

176 3481 280 3542 luisses
301 3482 336 3543 de
357 3501 447 3544 marm
464 3484 540 3546 illius
561 3483 667 3564 panem
688 3485 826 3565 accipere.
855 3503 947 3558 nuuc,
962 3486 1099 3565 neuquid
1115 3501 1171 3549 nec
1186 3505 1298 3568 quare,

176 3568 207 3627 in
227 3567 336 3629 caelum
358 3567 427 3630 abiit
444 3575 474 3628 et
494 3569 719 3632 Trimalchionis
738 3577 860 3650 topanta
880 3578 932 3632 est.
962 3571 996 3633 ad
1019 3589 1180 3646 summam,
1202 3593 1293 3637 mero

177 3651 337 3714 meridie
313 3671 338 3714 ιι
354 3653 458 3716 dixerit
469 3653 507 3714 illi
518 3653 654 3716 tenebras
667 3673 740 3728 esse,
758 3655 866 3717 credet
846 3656 963 3736 tipse
977 3656 1072 3718 nescit
1088 3656 1158 3736 quod
1169 3620 1292 3736 babeat,

176 3737 248 3798 adeo
266 3738 361 3819 saplut
361 3757 397 3800 us
348 3746 471 3813 t;est
491 3739 544 3800 sed
559 3739 631 3800 haec
644 3740 767 3820 lupatria
782 3740 916 3820 providet
930 3741 1027 3803 omnia
1042 3749 1072 3803 et
1084 3741 1133 3804 ubi
1148 3760 1212 3804 non
1227 3764 1292 3824 pu-

175 3830 229 3884 tes.
260 3831 306 3886 est
326 3824 417 3898 sicca,
437 3823 553 3899 ιιιιιιιι,
571 3824 721 3888 bonorum
742 3826 933 3888 cousihorum
956 3828 1085 3905 [tantum
1105 3827 1168 3889 auri
1182 3827 1294 3908 videsl,

176 3915 333 3973 esttamen
349 3909 582 3990 malaelinguae,
599 3911 662 3990 pica
677 3909 846 3992 pulvinaris.
877 3929 973 3992 quem
979 3919 1057 3974 emat
1062 3920 1175 3990 ‚amah
1195 3933 1292 3994 quem
