2762 4344
554 267 697 321 3333333
1158 277 1178 337 5

209 423 282 486 hinc
296 423 428 486 Romana
443 437 548 486 manus
564 422 746 486 circumfluat
760 430 788 487 et
802 425 893 490 modo
910 425 996 489 Graio
1078 443 1109 495 15
1208 483 1213 488 ,

209 517 366 571 exonerata
381 528 456 571 sono
472 516 567 572 mutet
582 511 693 571 sullusa
707 528 853 590 saporem.

211 596 359 657 interdum
377 595 519 658 subducta
534 595 601 656 foro
618 595 667 656 det
682 595 786 675 pagina
802 613 921 659 cursum

212 688 242 743 et
256 681 375 742 fortuna
391 689 477 743 sonet
492 681 577 742 celeri
593 681 729 743 distincta
745 690 852 744 meatu.

209 768 282 829 dent
297 767 396 846 epulas
413 774 442 828 et
456 766 531 827 bella
544 766 619 828 truci
634 775 796 829 memorata
812 786 919 829 333333

209 853 390 932 grandiaque
405 852 541 914 indomiti
554 852 702 914 Ciceronis
717 853 804 914 verba
819 853 975 916 minentur.
1076 871 1109 922 20

208 938 257 1000 his
272 939 404 999 animum
421 938 558 1016 succinge
573 937 674 1000 bonis:
691 938 734 1000 333
747 938 869 1001 tlumine
883 939 963 1020 largo

209 1024 314 1104 plenus
331 1023 427 1084 Pierio
443 1023 585 1085 defundes
600 1031 720 1104 pectore
734 1016 838 1087 verba.³

153 1109 224 1171 dum
238 1110 317 1172 huuc
332 1109 497 1189 diligentius
513 1109 608 1186 audio,
624 1127 685 1170 non
700 1110 799 1172 notavi
815 1109 887 1172 mihi
903 1110 1010 1192 Ascylti
1023 1110 1122 1190 lugam
1192 1113 1211 1175 6

152 1288 181 1343 33
202 1279 300 1342 dum
292 1297 323 1339 m
345 1280 403 1341 hoc
424 1280 569 1343 dictorum
585 1280 713 1342 aestum
727 1280 822 1342 hortis
838 1281 975 1355 incedo,
967 1299 1071 1361 ingens
1086 1282 1176 1344 scho-

62 1367 236 1429 lasticorum
256 1364 342 1427 turba
362 1366 392 1426 in
413 1365 559 1446 porticum
580 1366 671 1440 veuit,
698 1372 732 1427 ut
750 1365 916 1445 apparebat,
937 1367 972 1428 ab
988 1368 1177 1448 extemporali

64 1453 276 1514 declamatione
296 1451 396 1512 nescio
413 1452 505 1525 cuius,
530 1453 579 1531 qui
591 1451 821 1530 Agamemnonis
837 1453 1000 1514 suasoriam
1016 1460 1177 1532 exceperat.

67 1540 139 1600 dum
151 1557 220 1617 ergo
231 1538 351 1599 iuvenes
364 1539 526 1599 sententias
538 1539 635 1599 rident
647 1537 838 1616 ordinemque
849 1538 939 1599 totius
953 1537 1089 1600 dictionis
1101 1539 1176 1600 infa-

65 1631 157 1697 mant,
175 1630 342 1704 opportune
357 1621 483 1684 subduxi
498 1642 545 1683 me
557 1631 586 1685 et
596 1622 705 1684 cursim
712 1623 849 1702 Ascylton
861 1624 996 1704 persequi
1009 1624 1101 1704 coepi.
1125 1624 1177 1686 sed

60 1729 117 1771 uec
124 1729 199 1771 uam
210 1709 329 1788 diligent
330 1727 361 1770 er
317 1708 504 1770 ttenebam
516 1709 582 1788 quia
591 1753 680 1770 .....
688 1709 830 1788 necquod
845 1709 990 1771 stabulum
1003 1717 1090 1785 esset,
1100 1711 1176 1771 scie-

60 1797 138 1857 bam,
162 1797 262 1874 itaque
274 1795 556 1874 quocunqueieram‚
569 1795 673 1856 eodem
686 1794 859 1865 revertebar,
872 1795 1006 1856 donecet
1013 1758 1177 1888 3333333333-

60 1889 145 1961 gatus
158 1889 189 1942 33
201 1879 333 1941 sudore
325 1899 382 1940 ram
396 1881 517 1940 madens
530 1882 636 1942 accedo
650 1879 793 1940 aniculam
806 1880 962 1978 quandam,
978 1899 1052 1960 quae
1064 1865 1176 1959 agreste

58 1969 147 2029 bolus
163 1965 361 2038 vendebatet
332 1956 464 2044 etrogo'
480 1966 598 2045 inquam
620 1972 680 2026 ma
681 1984 712 2024 er
714 1965 879 2045 ‚numquid
897 1985 955 2027 sors
965 1965 1013 2027 ubr
1025 1985 1080 2045 ero
1092 1965 1176 2027 babr
1192 1967 1211 2026 7

62 2045 156 2114 temi'
196 2052 337 2113 delectata
364 2058 409 2111 333
429 2051 474 2112 illa
494 2050 657 2112 urbanitate
676 2057 736 2110 tam
757 2050 846 2112 stulta
866 2057 895 2112 et
908 2043 1023 2130 ‘quidni
1043 2013 1176 2112 sciam‘l’

67 2138 170 2217 inquit,
188 2136 430 2214 consurrexitque
451 2143 479 2196 et
494 2137 591 2215 coepit
604 2155 652 2197 me
668 2135 849 2232 praecedere
879 2136 1006 2197 divinam
1021 2155 1074 2214 ego
1091 2142 1178 2213 puta·

66 2225 179 2285 bamet
193 2267 285 2284 .....
302 2221 426 2282 subinde
448 2228 481 2282 ut
501 2221 531 2282 in
546 2221 644 2282 locum
662 2219 849 2280 secretiorem
864 2222 1007 2295 3333333333,
1023 2228 1177 2282 centonem

65 2327 138 2371 anus
157 2308 266 2369 urbana
282 2307 380 2368 reiecit
394 2315 422 2367 et
433 2298 510 2366 ‘hic'
526 2305 622 2385 inquit
633 2295 735 2366 ‘debes
751 2303 831 2366 habit
819 2297 903 2366 t'.are
934 2324 1001 2366 oum
1018 2323 1072 2384 ego
1088 2324 1177 2384 nega-

61 2415 124 2458 rem
146 2401 196 2456 me
217 2411 378 2472 agnoscere
397 2393 534 2466 domum,
555 2391 639 2452 video
661 2367 804 2470 quosdam
821 2390 896 2451 inter
910 2391 1011 2453 titulos
1026 2391 1178 2471 nudasque

62 2480 233 2542 meretrices
248 2479 351 2540 furtim
367 2495 478 2556 couspa
480 2477 552 2538 tiant
553 2496 593 2538 es
620 2474 734 2549 tarde,
727 2494 818 2536 rmmo
834 2477 892 2538 iam
910 2495 976 2538 sero
989 2476 1115 2538 intellexi
1130 2495 1178 2538 me

62 2567 91 2628 33
105 2565 253 2628 fornicem
269 2583 335 2626 esse
347 2563 452 2624 deduct
440 2570 513 2624 tum.
544 2569 693 2624 execratus
709 2561 806 2640 itaque
821 2561 951 2624 aniculae
965 2561 1088 2624 insidias
1104 2582 1177 2642 ope-

61 2653 108 2714 rui
132 2657 222 2730 caput
242 2655 271 2711 et
291 2667 344 2729 per
363 2649 491 2710 medium
514 2649 636 2728 lupanar
654 2647 755 2726 lugere
772 2647 857 2727 coepi
873 2647 903 2708 in
918 2648 1037 2709 alteram
1051 2656 1177 2726 partem,

63 2757 130 2800 curn
146 2755 215 2798 ecce
231 2734 260 2796 in
275 2735 341 2814 ipso
357 2734 416 2795 adit
405 2742 438 2795 tu
453 2733 580 2795 occurrit
590 2733 663 2794 mihi
676 2750 767 2811 aeque
778 2731 874 2794 lassus
888 2752 922 2794 ac
933 2733 1062 2794 moriens
1074 2733 1177 2814 Ascyl-

9 2874 13 2883 .
62 2834 124 2884 333
118 2830 260 2902 ,putares
278 2820 314 2881 ab
330 2819 429 2880 eadem
447 2818 559 2880 anicula
574 2838 640 2880 esse
652 2819 864 2879 deductumt
842 2826 864 2879 1
865 2837 939 2897 aque
949 2826 982 2880 ut
993 2818 1094 2880 ridens
1107 2837 1175 2880 eum

68 2906 258 2980 consalutari,
275 2905 388 2984 quidm
403 2906 468 2966 loco
484 2912 543 2966 tam
560 2903 685 2966 deformi
697 2903 806 2964 faceret
818 2904 954 2982 quaesivi.
978 2906 1116 2965 sudorem
1129 2904 1175 2964 ille
1192 2901 1210 2964 8

66 2992 200 3054 manibus
216 2991 382 3053 detersitct
370 2983 429 3051 t‘si
445 2981 548 3051 scires’
564 2989 659 3068 inquit
670 2981 763 3092 ‘quae
783 2989 855 3048 mibi
876 2979 1067 3050 acciderunt'.
1093 2981 1175 3067 quid

63 3069 191 3140 33333”
183 3096 304 3156 inquam
326 3083 452 3173 egeat
423 3075 517 3136 atille
533 3066 693 3135 deficiens‘
702 3091 767 3134 cum
784 3064 925 3134 errarem'
941 3066 1055 3152 inquit‘
1062 3092 1114 3152 per
1128 3079 1177 3133 to-

61 3173 123 3227 tam
140 3163 286 3226 civitatem
301 3179 358 3223 neo
372 3160 541 3231 invenirem,
557 3179 614 3240 quo
631 3160 697 3220 loco
709 3157 853 3226 stabulum
866 3158 1059 3237 reliquissem,
1076 3177 1176 3220 acces-

62 3252 101 3312 sit
122 3250 158 3311 ad
179 3267 229 3310 me
243 3256 293 3328 pat
294 3267 326 3308 33
282 3247 466 3309 tfamiliae
481 3253 510 3306 et
498 3246 625 3307 tducem
637 3244 688 3306 sei
691 3242 792 3305 tineris
804 3244 1017 3305 humanissime
1030 3245 1175 3324 promisit.

61 3355 115 3417 per
131 3335 245 3396 anfract
233 3341 281 3394 tus
298 3332 401 3394 deinde
417 3331 646 3393 obscurissimos
658 3347 794 3408 egressus
807 3329 837 3389 in
849 3330 928 3390 bunc
938 3330 1035 3411 locum
1048 3350 1095 3391 me
1106 3350 1176 3411 per-

62 3422 147 3484 duxit
134 3409 347 3499 tprolatoque
369 3417 485 3498 peculio
513 3416 610 3497 coepit
634 3433 739 3494 rogare
758 3423 909 3511 stuprum.
952 3415 1008 3476 iarn
1030 3435 1086 3496 pro
1108 3417 1177 3478 cella

63 3506 204 3568 meretrix
226 3523 322 3566 assem
345 3510 491 3582 exegerat,
518 3503 576 3564 ianr
590 3502 645 3563 ille
663 3499 736 3561 mibi
756 3499 895 3562 iniecerat
915 3520 1050 3576 manum,
1072 3509 1102 3563 et
1119 3501 1184 3563 3333

63 3592 207 3654 valentior
221 3589 356 3663 fuissem,
373 3588 519 3650 dedissem
537 3606 647 3668 poenas

612 3685 634 3725 33

153 3762 228 3824 adeo
243 3759 350 3839 ubique
366 3776 470 3821 omnes
486 3757 559 3819 milri
572 3756 747 3819 ridebantur
761 3757 891 3837 satyrion
907 3755 1017 3818 bibisse

615 3855 636 3894 ᾗ
816 3855 823 3860 ,

153 3931 261 3994 iunctis
276 3930 386 3992 viribus
401 3932 558 3992 molestum
576 3929 808 4008 contempsimus
