2728 4344
566 235 709 294 sannae
1148 243 1188 308 εγ

166 478 204 548 ‘o'
229 485 324 564 inquit
339 475 520 555 ‘Oenothea,
547 483 626 543 huno
644 482 860 544 adolescentem
881 502 966 564 quem
989 483 1084 545 rides:
1110 485 1187 548 malo

95 579 163 635 astro
182 576 269 633 natus
288 577 341 630 est
371 586 440 630 uam
456 585 550 646 neque
566 585 657 647 puero
673 587 766 647 neque
781 568 892 646 puellae
905 568 983 630 houa
998 586 1051 630 sua
1065 570 1189 631 vendere

94 665 189 737 potest.
233 673 385 733 nunquam
407 661 439 714 tu
465 652 616 713 hominem
642 659 701 713 tam
723 652 865 714 infelicem
889 653 1001 715 vidisti:
1031 654 1132 716 lorum·
1158 654 1188 715 in

96 761 174 821 aqua,
188 758 249 802 uon
266 740 384 817 inguina
399 736 494 799 hahet.
528 737 564 798 ad
580 755 743 812 summam,
759 738 873 818 qualem
889 746 974 817 putas
989 757 1068 813 esse,
1089 738 1189 819 quide

95 827 178 888 Circes
203 831 272 887 toro
300 825 362 884 sine
386 823 533 902 voluptate
559 814 721 883 surrexitl'
758 823 804 884 his
827 823 931 885 auditis
947 823 1099 885 Oenothea
1112 823 1189 886 inter

95 919 237 991 utruruque
264 908 400 970 consedit
428 913 568 986 motoque
593 906 702 968 diutius
724 908 817 986 capite
835 897 954 970 ‘istum’
973 908 1069 987 iuquit
1089 900 1189 970 ‘mor-

95 998 153 1058 hum
167 997 228 1056 sola
245 1012 313 1055 suro
330 1011 402 1072 quae
417 990 570 1053 emendare
585 993 656 1054 scio.
679 1001 709 1053 et
723 1010 760 1053 ne
773 1011 818 1053 me
828 994 937 1095 putetis
949 992 1085 1073 perplexe
1096 1011 1189 1072 agere,

97 1100 154 1161 rogo
169 1089 200 1143 ut
214 1077 451 1142 adolescentulus
466 1095 581 1138 mecum
596 1083 684 1138 nocte
699 1077 825 1139 dormiat

87 1289 90 1297 Ι
149 1193 220 1262 ‘nisi
235 1198 307 1261 illud
323 1207 381 1260 tam
398 1196 523 1276 rigidum
538 1195 692 1257 reddidero
710 1214 798 1276 quam
814 1188 919 1257 coruu’

166 1325 322 1412 ‘quicquid
338 1331 369 1391 in
385 1329 455 1390 orbe
469 1327 564 1400 vides,
580 1335 662 1406 paret
676 1326 756 1390 mihi.
786 1328 889 1390 llorida
903 1328 1001 1403 tellus,

181 1435 247 1479 cum
264 1415 346 1489 volo,
362 1413 498 1494 spissatis
514 1411 622 1474 arescit
635 1411 769 1490 languida
784 1413 877 1486 sucis,

180 1521 246 1564 oum
263 1500 346 1575 volo,
360 1499 459 1561 fundit
473 1515 546 1578 opes
561 1496 733 1577 scopulique
745 1504 832 1577 atque
846 1498 964 1560 horrida
980 1517 1049 1562 saxa

179 1587 306 1650 Niliacas
320 1585 480 1646 iaculantur
494 1600 594 1662 aquas.
624 1581 697 1643 mihi
712 1590 822 1661 pontus
837 1584 944 1646 inertes

180 1672 340 1735 summittit
354 1671 474 1742 fluctus,
488 1667 665 1748 zephyrique
679 1669 803 1730 tacentia
819 1677 936 1747 ponunt
1139 1685 1154 1734 5

180 1766 247 1820 ante
261 1775 349 1819 meos
365 1773 417 1822 sua
432 1753 522 1816 llabra
536 1753 634 1833 pedes.
660 1751 733 1814 mihi
747 1753 868 1816 flumina
883 1763 989 1835 parent

180 1843 393 1924 Hyrcanaeque
407 1840 495 1918 tigres
511 1844 540 1899 et
553 1838 626 1900 iussi
641 1844 720 1898 stare
736 1839 887 1901 dracones.

163 1952 165 1957 ’
181 1930 249 2008 quid
264 1927 375 1989 leviora
389 1920 517 2004 loquor?
530 1923 616 1984 lunae
632 1921 782 1984 descendit
796 1924 892 2004 imago

182 2012 363 2075 carminibus
375 2010 496 2072 deducta
511 2007 603 2082 meis,
618 2007 808 2087 trepidusque
821 2010 950 2071 furentes

180 2099 299 2160 llectere
312 2094 451 2157 Phoebus
466 2111 557 2175 equos
572 2093 703 2154 revoluto
720 2093 833 2172 cogitur
849 2084 938 2156 orbe.³
1122 2105 1153 2157 lo

173 2186 296 2261 [tantum
313 2181 388 2242 dicta
402 2178 504 2242 raleut.
534 2185 686 2240 taurorum
701 2178 817 2240 llamma
833 2178 956 2258 quiescit

181 2267 319 2348 uirgineis
334 2265 459 2328 extincta
474 2263 579 2336 caurio,
595 2263 789 2343 Phoebeaque
804 2263 887 2332 Circe

181 2353 363 2416 carminibus
378 2351 498 2430 magieis
514 2348 611 2410 socios
627 2349 748 2409 mutavit
762 2348 858 2409 Vlixis.

181 2439 309 2501 Proteus
325 2455 391 2499 esse
406 2436 493 2507 solet,
510 2433 646 2515 quicquid
660 2431 741 2494 libet.
771 2434 818 2495 his
834 2451 887 2512 ego
903 2431 1008 2494 callens

180 2523 294 2586 artibus
309 2523 412 2585 Idaeos
426 2519 545 2581 frutices
560 2518 591 2578 in
607 2517 719 2597 gurgite
735 2518 836 2579 sistam
1123 2528 1153 2580 to

181 2618 208 2671 et
222 2627 331 2672 rursus
346 2607 450 2669 lluvios
467 2605 497 2666 in
513 2621 630 2665 summo
647 2602 753 2665 vertice
767 2603 895 2683 ponam]

169 2693 304 2757 inhorrui
320 2711 373 2770 ego
393 2700 453 2752 tam
469 2687 601 2751 fabulosa
615 2686 824 2770 pollicitatione
840 2687 1025 2760 conterritus,
1041 2701 1188 2763 auumque
1199 2688 1258 2749 135
1339 2681 1340 2758 l

100 2773 225 2856 inspicere
241 2777 407 2858 diligentius
426 2774 510 2854 coepi

166 2889 264 2978 ‘ergo'
281 2898 421 2960 exclamat
435 2894 587 2957 Oenothea
599 2883 738 2973 ‘imperio
755 2885 867 2974 parete'

170 3030 351 3110 detersisque
370 3029 485 3090 curiose
506 3026 643 3088 manibus
663 3024 809 3087 inclinarit
828 3041 861 3086 se
880 3023 910 3085 in
930 3022 1064 3086 lectulum
1085 3041 1119 3084 ac
1141 3039 1190 3084 me

101 3116 176 3176 semel
189 3117 352 3195 iterumque
367 3113 488 3176 basiavit

622 3205 643 3245 e

173 3285 320 3348 Oenothea
336 3301 469 3349 mensam
484 3289 608 3344 veterem
625 3279 726 3360 posuit
739 3279 769 3339 in
784 3278 881 3340 medio
903 3277 998 3352 altari,
1016 3296 1102 3360 quam
1117 3277 1188 3340 vivis

101 3365 215 3447 implevit
232 3370 424 3442 carbonibus,
440 3376 469 3430 et
484 3366 631 3428 camellam
648 3364 734 3426 etiam
749 3370 890 3424 vetustate
903 3371 1020 3444 ruptam
1037 3365 1100 3445 pice
1113 3371 1189 3425 tem-

103 3462 188 3526 perata
201 3456 308 3518 refecit.
335 3463 397 3517 tum
417 3454 544 3526 clavum,
561 3452 609 3531 qui
632 3451 830 3511 detrahentem
845 3457 962 3511 secutus
983 3469 1050 3512 cum
1073 3448 1189 3512 camella

102 3535 182 3613 lignea
195 3541 300 3615 luerat,
315 3541 434 3602 fumoso
451 3537 551 3617 parieti
566 3535 700 3597 reddidit.
745 3552 813 3594 mox
829 3533 955 3597 incincta
971 3535 1111 3614 quadrato
1126 3533 1189 3613 pol·

104 3619 135 3679 lio
153 3642 295 3687 cucumam
311 3626 458 3704 ingentem
472 3622 539 3684 loco
554 3621 701 3701 adposuit,
717 3619 864 3700 simulque
879 3638 1010 3699 pannum
1031 3619 1065 3680 de
1084 3635 1190 3678 carua-

104 3703 141 3764 rio
159 3708 363 3782 dotalitium,
391 3710 420 3770 in
440 3727 498 3788 quo
519 3706 583 3768 laba
602 3714 664 3766 erat
686 3707 721 3768 ad
743 3723 829 3767 usum
849 3705 977 3785 reposita
999 3710 1027 3764 et
1046 3701 1189 3781 sincipitis

105 3793 282 3856 vetustissima
302 3795 440 3876 particula
455 3792 532 3854 mille
547 3791 638 3872 plagis
654 3790 758 3853 dolata.
801 3797 834 3852 ut
849 3790 934 3851 solvit
948 3805 1016 3866 ergo
1032 3785 1098 3848 licio
1113 3805 1189 3866 pan-

107 3889 176 3951 num,
189 3888 298 3958 partem
312 3879 466 3959 leguminis
478 3895 567 3957 super
582 3893 716 3938 mensam
732 3875 833 3937 effudit
846 3873 989 3953 iussitque
1004 3890 1051 3933 me
1066 3870 1189 3952 diligen·
