2762 4344
157 250 198 312 66
303 199 305 204 Ι
629 245 786 301 rnrnoulr

156 403 281 468 condem
296 421 363 466 esse
378 403 486 466 exitum
504 400 574 479 [aad]
592 407 620 462 ct
634 401 713 462 idom
728 399 924 474 domicilium,
940 408 969 462 et
983 407 1076 463 cetera
1091 401 1199 482 quibus
1215 421 1266 464 ex·
1375 437 1379 449 ·

155 490 297 552 ulceratae
317 498 431 551 mantes
451 488 487 549 ad
508 488 661 549 sanitatem
676 494 859 549 revocantur.
890 492 920 547 at
939 485 985 548 illa
1004 487 1103 566 ignota
1129 488 1267 550 consola·
1378 551 1379 560 ,

156 576 236 638 tione
252 593 391 655 percussa
405 573 540 636 laceravit
553 572 753 634 vehementius
769 581 872 653 pectus
884 580 1048 653 ruptosque
1064 574 1159 636 crines
1176 593 1267 654 super
1378 571 1379 614 ³

157 680 266 741 corpus
281 660 400 722 iacentia
416 659 568 741 imposuit.
595 676 657 720 non
672 659 794 720 recessit
806 667 904 720 tamen
919 659 1013 732 milas,
1030 660 1081 720 sed
1097 659 1199 722 eadem
1215 679 1266 722 ex-

157 747 321 809 hortatione
346 745 498 825 temptavit
524 745 594 806 dare
617 744 803 806 mulierculae
826 744 938 818 cibum,
962 746 1057 807 donec
1077 745 1181 808 ancilla
1208 746 1269 808 vini

157 841 235 895 certe
253 832 289 894 ab
309 852 343 893 eo
364 833 456 893 odore
476 838 612 910 corrupta
632 829 759 909 primum
776 830 838 910 ipsa
855 831 987 927 porrexit
974 832 1035 892 tad
1053 831 1219 892 humanitat
1206 839 1266 892 tem

157 917 302 986 invitantis
319 917 421 979 victam
438 935 573 990 manum,
596 916 699 977 deinde
714 915 821 978 refecta
835 916 957 1018 potiope
973 924 1001 978 et
1017 915 1080 977 cibo
1096 935 1267 996 expugnare
1379 995 1380 1002 ἵ

158 1003 293 1066 dominae
308 1003 497 1083 pertinaciam
520 1001 618 1082 coepit
631 1009 660 1062 ct
670 991 760 1081 “quid
776 992 930 1082 proderit''
944 992 1058 1095 ioquit‘
1060 992 1134 1063 boc
1148 1002 1218 1074 talu
1242 1005 1268 1064 si

156 1089 252 1152 soluta
269 1088 366 1150 inedia
385 1087 492 1159 fucris,
516 1087 542 1150 si
559 1095 589 1148 te
608 1087 703 1148 vivam
720 1086 883 1166 sepelieris,
903 1087 929 1148 si
944 1097 1009 1149 ante
1025 1106 1112 1167 quam
1133 1086 1192 1150 fata
1208 1107 1267 1169 po-

156 1182 248 1249 scant,
263 1173 464 1236 indemnatum
481 1173 553 1253 spiri
554 1181 616 1235 tum
632 1169 791 1234 effuderis?

334 1260 364 1322 id
379 1260 573 1321 cineremt
523 1266 573 1320 aut
588 1277 689 1320 manes
705 1258 798 1320 credis
814 1277 915 1320 curare
930 1256 1085 1338 sepultos?

129 1347 132 1354 '
156 1346 200 1410 vis
218 1354 252 1409 tu
269 1342 468 1408 revivescere?
490 1345 533 1406 vis
557 1345 609 1422 [tu]
631 1344 765 1406 discusso
781 1343 914 1406 muliebri
929 1362 1044 1418 errore,
1060 1363 1148 1424 quarn
1165 1344 1215 1407 diu
1230 1347 1268 1408 li-

157 1433 261 1505 cuerit,
281 1431 354 1493 lucis
375 1430 540 1492 commodis
558 1428 673 1492 frui?
667 1450 764 1512 ipsum
785 1438 814 1492 te
834 1428 954 1492 iacentis
970 1449 1079 1509 corpus
1094 1449 1269 1493 ammonere
1379 1459 1380 1462 ¹

156 1517 250 1591 debet,
264 1525 298 1578 ut
311 1508 418 1578 vivas?
447 1534 535 1578 nemo
548 1515 655 1577 invitus
667 1517 756 1590 audit,
773 1535 839 1578 cum
852 1516 965 1594 cogitur
976 1524 1025 1577 aut
1037 1516 1132 1578 cibum
1147 1535 1269 1579 sumere

157 1611 207 1664 aut
219 1603 324 1663 vivere.
356 1602 451 1698 itaque
466 1600 569 1662 mulier
584 1602 694 1680 aliquot
681 1602 821 1663 tdierum
838 1602 904 1663 abst
892 1602 1009 1662 tinentia
1026 1601 1101 1663 sicca
1118 1621 1205 1680 passa
1222 1612 1270 1665 est
1369 1603 1379 1660 .'

156 1689 249 1766 frangi
271 1686 459 1766 pertinaciam
474 1705 575 1757 suam,
595 1705 650 1748 nec
669 1687 767 1748 miurus
789 1687 871 1749 avide
889 1687 1009 1766 replevit
1028 1706 1061 1749 se
1086 1687 1152 1749 cibo
1178 1707 1267 1768 quam
1378 1745 1380 1768 ,

91 1773 268 1845 libencilla,
287 1791 365 1852 quae
382 1771 463 1852 prior
477 1772 550 1834 victa
564 1778 618 1833 est.
643 1779 770 1834 ceterum
784 1772 875 1844 scitis,
890 1773 958 1851 quid
981 1773 1155 1852 plerumque
1173 1775 1269 1836 soleat
1378 1773 1379 1778 ’

157 1866 299 1939 temptare
310 1859 467 1921 humanam
480 1857 650 1920 satietatem.
673 1857 780 1937 quibus
792 1857 939 1920 blanditiis
951 1857 1158 1937 impetraverat
1172 1859 1267 1932 miles,

158 1952 189 2008 ut
200 1951 333 2006 matrona
350 1944 431 2005 vellet
446 1943 547 2014 rivere,
563 1943 656 2004 isdem
672 1943 757 2004 etiam
775 1943 943 2023 pudicitiam
959 1943 1022 2006 eius
1038 1945 1196 2024 adgressus
1208 1954 1265 2007 est.

157 2046 212 2092 nec
237 2028 378 2092 deformia
403 2036 454 2092 aut
441 2028 683 2093 tiniacnndus
675 2028 786 2092 iuvenis
802 2036 897 2110 castae
912 2029 1070 2103 videbatur,
1094 2031 1268 2094 conciliante

157 2115 279 2197 gratiam
294 2115 396 2180 ancilla
410 2134 444 2178 ac
459 2113 584 2178 subinde
598 2112 726 2178 dicante:

539 2191 711 2281 ‘placitone
725 2201 812 2262 etiam
827 2199 972 2282 pugnabis
987 2191 1127 2264 amori?’'

303 2289 367 2365 [nec
381 2286 505 2348 venitin
519 2295 658 2361 mentem,
674 2305 801 2367 quorum
817 2286 987 2350 consederis
1003 2282 1116 2364 arrisi]

158 2371 227 2452 quid
243 2372 352 2436 diutius
367 2369 491 2434 moror?
507 2390 544 2434 ne
559 2373 635 2434 hanc
649 2373 766 2451 quidem
783 2380 893 2452 partem
910 2371 1044 2452 corporis
1056 2372 1162 2434 mulier
1173 2373 1269 2436 absti-

158 2457 235 2528 nuit,
256 2457 405 2536 victorque
426 2457 508 2519 miles
528 2465 685 2537 utrumque
699 2457 855 2536 persuasit.
882 2456 1032 2519 iacuerunt
1046 2476 1115 2536 ergo
1132 2475 1190 2520 una
1205 2477 1268 2520 non

157 2550 271 2604 tantum
288 2543 333 2604 illa
348 2551 444 2614 nocte,
461 2561 516 2621 qua
532 2542 650 2622 nuptias
664 2542 810 2615 fecerunt,
825 2541 876 2603 sed
892 2550 1013 2620 postero
1030 2543 1116 2604 etiam
1132 2562 1166 2604 ac
1180 2546 1267 2606 tertio
1377 2557 1378 2570 ³

157 2629 212 2699 dic,
229 2627 387 2707 praeclusis
403 2627 535 2688 videlicet
546 2627 701 2689 conditorii
712 2627 835 2700 foribus,
851 2635 885 2688 ut
895 2627 1028 2708 quisquis
1041 2647 1076 2690 cx
1087 2629 1167 2690 notis
1181 2629 1267 2708 igno-

156 2714 252 2794 tisque
266 2713 302 2774 ad
316 2713 533 2774 monimentum
549 2713 685 2785 venisset,
702 2721 817 2791 putaret
831 2713 979 2793 expirasse
991 2733 1081 2792 super
1093 2733 1204 2794 corpus
1216 2714 1266 2776 viri

158 2799 379 2880 pudicissimam
401 2816 533 2860 uxorem.
565 2805 693 2862 ceterum
709 2798 866 2860 delectatus
882 2799 965 2860 miles
981 2808 1010 2861 et
1024 2800 1120 2860 forma
1136 2801 1266 2862 mulieris

158 2894 187 2948 ct
201 2892 325 2957 secreto,
345 2884 484 2964 quicquid
500 2882 569 2946 boni
584 2903 638 2964 per
651 2884 802 2946 facultates
818 2891 947 2964 poterat,
963 2884 1114 2947 coemebat
1128 2893 1157 2946 et
1172 2886 1266 2964 prima

157 2971 256 3034 statim
277 2977 364 3033 nocte
384 2970 414 3032 in
436 2978 659 3033 monumentum
679 2970 799 3034 ferebat.
829 2970 925 3050 itaque
946 2970 1033 3033 unius
1054 2971 1186 3032 cruciarii
1214 2990 1266 3050 pa-

156 3065 254 3120 rantes
274 3063 308 3121 ut
326 3056 462 3118 viderunt
480 3057 602 3120 laxatam
624 3055 802 3130 custodiam,
824 3056 973 3120 detraxere
988 3064 1074 3118 nocte
1090 3056 1267 3136 pendentem

156 3161 355 3223 supremoque
371 3143 580 3205 mandaverunt
595 3142 702 3206 officio.
731 3150 761 3204 at
776 3141 858 3202 miles
873 3143 1113 3222 circumscriptus
1126 3142 1197 3204 dum
1214 3142 1266 3204 de·

157 3227 242 3300 sidet,
258 3237 290 3290 ut
305 3236 424 3308 postero
441 3227 487 3290 die
503 3227 573 3290 vidit
587 3246 677 3290 unam
693 3228 755 3288 sine
771 3229 909 3290 cadavere
925 3246 1053 3300 crucem,
1069 3228 1178 3290 veritus
1192 3247 1266 3308 sup·

156 3312 273 3393 plicium
290 3314 413 3390 mulieri,
427 3314 497 3394 quid
513 3313 676 3386 accidisset,
691 3315 822 3394 exponit:
839 3332 893 3376 nec
908 3333 940 3374 sa
955 3313 1172 3391 expectaturum
1189 3314 1266 3376 iudi-

158 3399 199 3460 cis
215 3398 398 3473 sententiam,
414 3401 465 3460 sed
481 3400 636 3480 gladiolus
652 3399 820 3461 dicturum
813 3399 941 3497 ignaviae
954 3416 1032 3460 suae
1063 3401 1267 3461 commodaret

157 3503 226 3564 ergo
247 3484 292 3544 illa
309 3483 436 3563 perituro
452 3486 550 3546 locum
570 3492 599 3547 et
612 3485 697 3547 fatale
712 3485 813 3546 condit
801 3485 956 3546 torium..
975 3483 1129 3545 familiari
1149 3505 1183 3546 ac
1205 3485 1265 3546 viro

156 3570 271 3632 faceret.
301 3568 406 3630 mulier
426 3571 601 3632 conminus
618 3571 786 3632 misericors
803 3560 1201 3648 quampudrcaneistud”
1218 3571 1264 3633 in—

157 3656 220 3735 quit
229 3646 297 3715 t‘dei
312 3653 418 3730 sinant,
434 3662 467 3716 ut
481 3655 584 3716 eodem
599 3663 734 3736 tempore
750 3657 877 3717 duorum
892 3654 963 3716 mihi
976 3654 1195 3716 carissimorum
1207 3656 1266 3720 ho-

156 3741 270 3802 minum
290 3739 348 3804 duo
369 3740 475 3802 funcra
495 3747 577 3818 spect
578 3760 633 3802 em.
664 3741 741 3802 malo
763 3748 912 3800 mortuum
932 3740 1102 3820 impendere
1117 3760 1205 3820 quam
1222 3744 1265 3804 vi-

156 3845 223 3888 vum
246 3816 406 3888 occidereff'
441 3825 604 3886 secundum
626 3826 702 3886 hanc
721 3825 882 3886 orationem
904 3823 985 3886 iubet
973 3835 1038 3886 tex
1065 3845 1130 3889 arca
1156 3846 1265 3908 corpus

157 3911 250 3976 mariti
270 3911 315 3972 sni
336 3911 396 3973 tolli
419 3919 506 3991 atque
521 3910 568 3984 illi,
584 3929 657 3990 qnae
672 3910 798 3982 vacabat,
814 3909 892 3968 cruci
909 3911 1003 3990 adfigi.
1035 3930 1107 3972 casus
1123 3921 1169 3974 est
1182 3913 1265 3974 miles
1372 3967 1373 3972 ,
