2762 4344
185 200 225 262 64
657 195 814 250 rnruouu

185 351 299 415 cabiare
319 359 370 414 aut
387 351 446 412 ullo
463 351 518 414 alio
534 369 638 431 genere
653 352 887 432 persequendum
903 352 1032 428 curabis3
1052 360 1085 415 ut
1098 361 1131 415 tu
1147 355 1220 417 nihil
1235 356 1297 417 im-

183 439 300 518 perabis
316 456 408 518 puero
426 438 612 516 repugnanti,
627 455 688 499 non
704 439 883 517 amplexum,
906 455 969 499 non
985 439 1128 512 osculum,
1150 457 1212 500 nou
1229 441 1298 502 coi-

183 533 247 586 tum
267 543 371 585 venere
387 523 593 596 constrictum,
616 523 674 584 nisi
693 541 748 602 pro
771 542 827 602 qua
848 532 1067 604 repraesentes
1088 527 1296 588 numeraveris
1368 533 1373 616 ζ

184 609 320 671 denarios
337 617 463 671 centum.
493 609 576 683 item,
591 608 696 679 Licha,
713 627 748 668 ex
762 609 805 669 tui
819 610 908 671 animi
924 611 1073 683 sententia,
1089 618 1122 671 ut
1135 619 1167 672 tu
1183 612 1297 673 Encol-
1372 621 1373 628 ’

183 697 254 776 pion
274 713 329 756 nec
347 695 436 757 verbo
456 695 669 756 contumelioso
690 695 853 773 insequeris
873 695 1035 773 nec-vultu,
1057 713 1154 776 neque
1170 716 1297 776 quaeres

184 781 234 843 uhi
249 789 335 842 nocte
351 781 485 853 dormiat,
500 787 550 842 aut
565 780 589 840 si
605 779 774 859 quaesieris,
790 799 845 859 pro
861 781 982 860 singulis
995 781 1108 842 iniuriis
1121 784 1296 844 numerabis
1371 797 1375 841 t

184 874 353 948 praesentes
378 867 514 928 denarios
530 856 681 926 ducenos?
709 865 739 926 in
755 866 827 925 haec
841 867 925 927 verba
946 866 1114 927 foederibus
1137 870 1296 947 composi-

184 954 222 1013 tis
243 971 323 1014 arma
342 952 519 1032 deponimus
542 958 570 1011 et
589 970 626 1011 ne
640 950 756 1011 residua
776 951 805 1011 in
825 951 1036 1012 animisetiam
1057 960 1127 1032 post
1142 953 1296 1014 iusiuran-

185 1039 254 1100 dum
270 1039 312 1098 ira
327 1045 499 1112 remaneret,
515 1035 669 1115 praeterita
683 1036 793 1097 aboleri
810 1038 919 1098 osculis
935 1038 1036 1116 placet.
1067 1039 1297 1102 exhortantibus

184 1123 327 1185 universis
344 1123 409 1183 odia
426 1123 639 1194 detumescunt,
659 1122 816 1201 epulaeque
831 1123 867 1183 ad
883 1131 1031 1184 certamen
1044 1124 1175 1202 prolatae
1191 1128 1296 1187 conci-

182 1210 253 1270 liant
267 1207 410 1270 hilaritate
432 1208 628 1269 concordiam.
664 1215 770 1268 exunat
788 1226 857 1288 ergo
873 1207 1005 1269 cantibus
1020 1216 1116 1270 totum
1131 1210 1295 1288 navigium,

183 1302 212 1356 et
227 1295 291 1375 quia
307 1294 461 1373 repentina
476 1293 667 1372 tranquillitas
682 1293 878 1354 intermiserat
893 1312 1022 1366 eorsum,
1039 1295 1112 1354 alius
1128 1296 1295 1357 exultantes

183 1379 338 1461 quaerebat
347 1380 460 1440 fuscina
472 1379 577 1459 pisces,
586 1378 658 1440 alius
671 1379 765 1440 hamis
773 1379 987 1440 blandientibus
1000 1379 1194 1459 compellebat
1205 1400 1295 1460 prae-

183 1467 250 1528 dam
265 1472 487 1544 repugnantem.
517 1483 584 1526 ecce
604 1465 691 1525 etlam
711 1483 762 1543 per
781 1470 937 1526 antennam
954 1465 1080 1544 pelagiae
1095 1467 1296 1530 consederant
1347 1515 1351 1526 .
1377 1463 1378 1468 ’

181 1553 324 1620 volueres,
340 1569 413 1629 quas
428 1549 515 1610 textis
530 1549 742 1611 harundinibus
757 1551 868 1628 peritus
884 1551 985 1611 artilex
997 1550 1097 1629 tetigit.
1119 1550 1186 1612 illae
1196 1553 1295 1614 visca-

181 1636 219 1697 tis
234 1635 355 1714 illigatae
370 1635 525 1696 viminibus
541 1635 745 1696 deferebantur
759 1636 795 1696 ad
810 1654 925 1697 manus.
955 1635 1072 1696 tollebat
1087 1636 1205 1716 plumas
1220 1657 1295 1700 aura

181 1721 344 1794 volitantes,
358 1737 533 1799 pennasque
547 1739 599 1800 per
613 1719 704 1780 maria
719 1719 815 1780 inanis
831 1739 937 1800 spuma
951 1721 1116 1800 torquebat.

267 1807 324 1868 iam
336 1805 441 1868 Lichas
456 1806 550 1867 redire
565 1824 682 1866 mecum
697 1804 727 1865 in
742 1805 864 1884 gratiam
881 1814 1026 1886 coeperat,
1043 1806 1100 1867 iam
1113 1807 1294 1888 Tryphaena
1377 1809 1378 1820 ’

183 1892 288 1954 Gitona
308 1897 435 1953 extrema
455 1899 537 1971 parte
557 1890 688 1971 potionis
712 1891 880 1971 spargebat,
904 1911 971 1953 cum
990 1891 1155 1972 Eumolpus
1177 1895 1293 1974 etipse

181 1978 248 2039 vino
273 1977 387 2039 solutus
410 1978 486 2038 diota
510 1977 599 2038 voluit
621 1977 650 2036 in
674 1977 772 2037 calvos
797 1977 1016 2057 stigmososque
1036 1977 1166 2052 iaculari,
1194 1981 1293 2042 donec

181 2071 356 2143 consumpta
371 2062 560 2142 frigidissima
575 2062 738 2123 urbanitate
759 2063 844 2124 rediit
863 2065 898 2125 ad
919 2063 1048 2125 carmina
1065 2083 1117 2124 sua
1132 2065 1293 2147 coepitque

181 2150 352 2230 capillorum
368 2148 543 2227 elegidarion
560 2149 668 2210 dicere:

215 2249 221 2258 ‘
306 2227 402 2315 ‘quod
418 2253 567 2296 summum
582 2235 697 2295 formae
714 2234 802 2294 decus
819 2240 876 2307 est,
892 2233 1021 2295 cecidere
1036 2234 1143 2314 capilli,
1190 2255 1193 2262 ’

366 2328 577 2399 vernantesque
593 2339 692 2381 comas
708 2319 800 2380 tristis
817 2319 912 2398 abegit
926 2320 1029 2382 hiems.

322 2424 403 2467 nuuc
416 2405 521 2467 umbra
536 2405 643 2466 nudata
660 2424 712 2466 sua
727 2405 784 2465 iam
800 2412 934 2483 tempora
949 2414 1094 2482 maerent,

365 2510 489 2571 areaque
504 2491 609 2552 attritis
625 2490 701 2550 ridet
714 2489 817 2551 adusta
833 2489 908 2568 pilis.

265 2592 280 2640 5
325 2576 441 2637 olallax
456 2583 559 2637 natura
575 2577 676 2637 deum:
693 2593 765 2654 quae
780 2575 874 2654 prima
891 2575 996 2637 dedisti

364 2661 449 2722 aetati
465 2667 582 2721 nostrae
598 2659 713 2738 gaudia,
729 2658 823 2738 prima
838 2652 935 2740 rapis’

385 2801 388 2803 ,
431 2737 558 2819 ‘infelix,
573 2745 663 2805 modo
680 2744 809 2807 crinibus
825 2747 938 2807 nitebas

443 2831 564 2894 Phoebo
580 2830 709 2910 pulcrior
723 2839 751 2894 ot
765 2850 868 2892 sorore
883 2831 1004 2893 Phoebi.

444 2925 474 2979 at
486 2935 567 2980 nunc
580 2915 671 2979 levior
685 2936 750 2979 aere
766 2917 810 2978 vel
826 2919 955 2980 rotundo

444 3004 521 3065 horti
536 3003 652 3077 tubere,
668 3006 746 3082 quod
762 3004 868 3065 creavit
881 3004 972 3075 unda,

364 3107 379 3156 5
444 3090 572 3151 ridentes
587 3089 664 3166 fugis
680 3096 708 3150 ct
722 3089 808 3150 times
825 3090 942 3168 puellas.

444 3183 476 3236 ut
491 3183 618 3236 mortem
635 3173 718 3235 citius
736 3173 832 3235 venire
848 3176 962 3246 credas,

444 3260 517 3322 scito
531 3261 589 3320 iam
605 3260 709 3339 capitis
725 3258 840 3339 perisse
855 3249 987 3339 partem?

111 3343 170 3405 110
265 3342 348 3421 plura
363 3345 477 3406 volebat
491 3347 631 3427 prolerre,
647 3345 743 3420 credo,
757 3353 786 3406 et
799 3345 943 3424 ineptiora
957 3343 1130 3423 praeteritis,
1147 3361 1214 3406 cum
1231 3363 1287 3405 an—

179 3427 241 3489 cilla
252 3428 440 3506 Tryphaenae
455 3431 559 3493 Gitona
572 3431 604 3492 in
619 3438 730 3510 partem
747 3431 829 3492 navis
843 3430 1012 3491 inferiorem
1024 3430 1104 3492 ducit
1116 3429 1288 3509 corymbio-

180 3532 234 3593 que
254 3512 389 3574 dominae
409 3515 491 3592 pueri
510 3517 634 3578 adornat
653 3523 749 3596 caput.
778 3516 870 3576 immo
893 3515 1046 3594 supercilia
1068 3516 1155 3578 etiam
1171 3516 1290 3595 profert

179 3598 215 3660 de
240 3599 343 3678 pyxide
366 3600 494 3679 sciteque
516 3601 642 3663 iacturae
663 3602 829 3663 liniamenta
850 3608 948 3661 secuta
971 3607 1063 3662 totam
1090 3601 1130 3662 illi
1154 3601 1287 3663 formam

177 3703 261 3746 suam
277 3684 409 3746 reddidit.
441 3686 558 3764 agnovit
573 3686 746 3765 Tryphaena
760 3705 861 3748 verum
877 3685 996 3759 Gitona,
1019 3686 1204 3766 lacrimisque
1219 3695 1287 3750 tnr-

176 3769 243 3833 bata
258 3778 329 3832 tunc
344 3771 471 3850 primum
488 3771 565 3832 hona
581 3771 638 3831 fide
653 3790 745 3849 puero
761 3772 874 3833 basium
891 3771 977 3832 dedit.
1023 3792 1077 3852 ego
1093 3773 1180 3834 etiam
1197 3773 1222 3834 si
1234 3791 1287 3834 re·
1315 3783 1321 3792 ·

177 3857 309 3938 positum
329 3858 359 3918 in
379 3857 536 3938 pristinum
558 3857 692 3917 decorem
716 3875 839 3935 puerum
866 3857 1055 3933 gaudebam,=·
1065 3857 1286 3922 abscondebam
