2728 4344
229 268 269 330 90
700 273 856 328 rnruonu

228 440 338 499 sorem,
359 427 540 488 occidissem.
570 427 666 508 itaque
686 428 780 490 taedio
799 430 934 510 fatigatus
946 423 1055 511 ‘rogo’
1070 425 1313 513 inquam‘expian

228 527 334 570 manus
346 511 440 590 pretio
452 513 518 574 lieet
527 560 534 573 .
543 557 549 572 .
557 558 563 573 .
572 513 597 573 si
609 533 662 574 ros
675 533 891 594 provocassem,
903 517 990 578 etiam
1002 517 1027 578 si
1039 517 1233 579 homicidium
1243 519 1313 579 fecis·

228 615 300 660 sem.
331 616 398 658 ecee
413 598 488 658 duos
503 615 608 660 aureos
623 617 714 678 pono,
728 601 806 660 unde
821 603 941 680 possitis
957 609 986 663 et
1000 602 1078 663 duos
1091 621 1210 664 anseres
1222 596 1314 664 emere?

228 701 302 765 quos
318 690 351 745 11
365 683 435 745 vidit
450 683 613 758 Oenothea,
632 675 780 762 ‘ignosce'
795 686 889 765 inquit
904 679 1111 761 ‘adolescens
1133 688 1251 750 sollicita
1264 707 1313 749 sun

227 779 277 832 tua
298 788 410 831 caussa.
438 769 547 830 amoris
567 778 612 830 est
627 769 684 830 boe
698 778 918 848 argumentum,
933 790 993 833 non
1009 773 1209 852 malignitatis.
1238 774 1314 850 itaque

230 855 364 918 dabimus
388 873 523 935 operam,
549 855 666 933 nequis
686 855 744 915 boc
764 856 843 916 sciat.
877 865 909 918 tu
928 858 1018 919 modo
1038 858 1114 919 deos
1134 877 1219 938 roga,
1243 866 1271 919 ut
1284 857 1313 918 illi

229 941 306 1004 lacto
321 947 373 1002 tuo
388 930 559 1019 ignoscant?

373 1025 504 1105 quisquis
520 1025 608 1086 habet
621 1042 774 1099 nummos,
790 1045 894 1087 secura
908 1027 1024 1106 naviget
1039 1049 1111 1093 aura

414 1111 622 1189 fortunamque
636 1128 692 1171 suo
707 1119 850 1191 temperet
865 1111 995 1172 arbitrio.

373 1213 492 1257 uxorem
510 1196 595 1258 ducat
609 1195 739 1269 Danaen,
755 1196 911 1276 ipsumque
925 1196 1022 1258 licebit
1338 1196 1339 1290 1

413 1281 558 1342 Acrisium
572 1281 670 1342 iubeat
684 1283 801 1343 credere
816 1283 894 1362 quod
905 1282 1031 1343 Danaen.

314 1383 329 1431 5
373 1367 501 1428 carmina
517 1373 689 1447 componat,
705 1366 859 1440 declamet,
875 1374 1032 1446 concrepet
1048 1385 1155 1429 omnes

414 1460 442 1512 et
456 1459 576 1532 peragat
590 1471 694 1513 causas
709 1453 805 1532 sitque
820 1452 927 1513 Catone
942 1453 1032 1531 prior.

370 1537 597 1599 iurisconsultus
609 1529 710 1618 ‘paret
715 1583 723 1614 ,
739 1555 799 1599 non
814 1529 910 1617 paret'
925 1537 1030 1598 habeto

413 1632 498 1702 atque
513 1630 575 1684 esto
592 1623 728 1702 quicquid
745 1623 861 1685 Servius
877 1630 906 1684 11
920 1622 1026 1684 Labeo.

372 1707 462 1768 multa
476 1708 595 1786 loquor:
612 1709 689 1786 quod
706 1708 764 1782 vis,
780 1707 909 1770 nummis
925 1706 1130 1786 praesentibus
1146 1713 1228 1786 opta,

297 1806 328 1858 to
413 1799 442 1854 et
456 1794 559 1854 reniet.
586 1793 717 1854 clausum
732 1794 866 1872 possidet
880 1812 946 1855 1111
961 1793 1058 1854 iorem

770 1893 790 1937 a

311 1964 387 2027 infra
402 1981 507 2025 manus
522 1979 603 2024 meas
618 1963 766 2024 camellam
781 1963 840 2024 vini
854 1963 964 2042 posuit,
980 1970 1010 2023 et
1025 1979 1092 2024 eum
1109 1961 1216 2042 digitos
1229 1955 1312 2052 1111111

228 2058 366 2114 extensos
386 2049 483 2129 porris
500 2049 623 2128 apioque
637 2048 802 2125 lustrasset,
823 2049 964 2110 avellanas
979 2066 1070 2109 nuces
1086 2049 1313 2126 cum'precatnno

228 2137 332 2198 mersit
350 2135 380 2196 in
400 2137 513 2210 vinum,
533 2141 561 2196 et
580 2133 640 2195 sive
659 2134 690 2196 in
710 2153 859 2196 summum
876 2134 1036 2206 redierant,
1052 2132 1116 2195 sive
1132 2129 1311 2221 subsederant,

228 2243 262 2285 ex
277 2224 335 2284 hoc
350 2221 546 2283 coniecturam
562 2217 693 2282 ducebat.
723 2239 779 2281 nec
792 2239 839 2281 me
853 2219 970 2280 fallebat
984 2218 1085 2280 inanes
1101 2218 1214 2281 scilicet
1227 2225 1311 2274 111111

228 2308 353 2370 medulla
367 2313 503 2368 ventosas
518 2323 607 2366 nuces
622 2304 652 2364 in
668 2324 786 2368 summo
801 2305 927 2366 humore
939 2305 1110 2379 consistere,
1127 2320 1226 2384 graves
1237 2303 1310 2360 auten
1340 2319 1341 2332 ,

229 2401 257 2456 ct
270 2395 371 2473 plenas
386 2393 498 2472 integro
512 2392 610 2452 fructu
625 2392 660 2453 ad
676 2392 734 2452 ima
750 2390 854 2452 deferri

771 2491 790 2534 a

313 2563 429 2625 recluso
450 2569 568 2642 pectore
588 2561 709 2621 extraxit
722 2560 916 2621 fartissimum
931 2559 1011 2622 iecur
1025 2567 1054 2621 et
1067 2560 1137 2622 inde
1151 2557 1223 2623 mibi
1235 2555 1310 2616 111111

228 2647 379 2731 praedixit.
410 2647 512 2720 immo,
528 2664 565 2706 ne
581 2646 659 2724 quod
675 2645 828 2724 vestigium
844 2644 960 2705 sceleris
975 2655 1154 2724 superesset,
1170 2651 1259 2707 totum
1270 2651 1308 2695 ³11·

230 2753 326 2796 serem
341 2734 497 2794 laceratum
514 2730 639 2792 verubus
656 2731 776 2791 conlinit
791 2729 947 2810 epulasque
958 2731 1044 2792 etiam
1056 2731 1150 2794 lautas
1161 2729 1246 2814 paulo
1255 2725 1310 2788 1111

229 2828 261 2883 ut
275 2821 338 2901 ipsa
354 2817 474 2892 dicebat,
488 2815 619 2898 perituro
634 2815 748 2896 paravit

315 2971 450 3034 volabant
463 2969 540 3032 inter
554 2968 626 3028 11111
639 2943 775 3046 potiones
792 2933 922 3029 meracae

773 3055 796 3100 11

161 3141 220 3204 138
312 3127 427 3207 profert
442 3123 599 3186 Oenothea
612 3128 761 3184 scorteum
775 3121 934 3195 fascinum,
950 3122 1030 3202 quod
1045 3129 1078 3186 ut
1093 3123 1157 3186 oleo
1174 3129 1203 3184 et
1216 3114 1311 3209 minuto

227 3214 329 3294 pipere
344 3219 430 3290 atque
444 3209 553 3271 urticae
568 3207 637 3268 trito
655 3206 846 3268 circumdedit
860 3208 980 3282 semine,
995 3208 1134 3285 paulatim
1147 3204 1312 3288 1111111111-

228 3316 294 3360 rere
310 3316 367 3360 allo
382 3313 449 3356 11]θῦ

312 3449 370 3510 hoc
386 3445 584 3508 crudelissima
600 3464 672 3507 anus
688 3444 799 3525 spargit
813 3445 938 3506 subinde
952 3445 1076 3507 humore
1089 3447 1198 3511 femina
1211 3457 1270 3506 meo

314 3599 453 3663 nasturcii
468 3616 588 3660 succum
604 3616 672 3659 cum
687 3544 831 3660 abrottno
847 3596 951 3658 miscet

315 3754 501 3836 perfusisque
515 3750 682 3831 inguinibus
698 3752 771 3814 meis
785 3750 884 3813 viridis
897 3749 1004 3812 urticae
1014 3751 1124 3814 fascem
1136 3746 1314 3832 comproben-

231 3845 272 3906 dit
288 3841 444 3919 omniaque
458 3838 534 3900 infra
548 3835 717 3898 umbilicum
734 3837 830 3915 coepit
843 3835 921 3896 lenta
936 3853 1024 3898 manu
1040 3839 1157 3901 caedere

771 3935 791 3977 a
