2728 4344
666 282 816 336 cunutus

682 437 803 502 XXXIII

390 544 495 606 Naidas
510 542 620 622 antiqui
635 541 821 621 Dryadasque
836 540 962 602 habuere
976 539 1090 620 Priapi,

433 637 468 691 et·
478 649 536 710 quo
551 634 630 690 tenta
646 627 692 688 dei
707 644 778 687 vena
794 626 917 699 subIret,
933 632 1004 686 erat.

391 734 472 778 nunc
487 714 558 777 adeo
574 712 646 774 nihil
661 719 721 786 est,
737 713 809 773 adeo
825 731 889 773 mea
904 711 990 790 plena
1004 711 1093 772 libido
1109 719 1170 786 est,

431 807 466 862 ut
479 799 630 880 Nymphas
647 797 743 858 omnis
760 797 907 858 interiisse
923 803 1033 876 putem.

391 894 478 965 turpe
493 885 609 965 quidem
625 884 719 956 factu,
736 883 787 943 sed
802 901 839 944 ne
854 881 994 960 tentigIne
1009 899 1143 962 rumpam,

430 972 502 1032 falce
516 969 586 1032 mihi
602 968 698 1050 posita
713 969 762 1029 fiet
777 968 870 1029 amIca
885 986 999 1029 manus.

683 1139 815 1200 XXXIIII

391 1246 463 1307 Cum
479 1262 593 1305 sacrum
608 1243 691 1303 fieret
705 1241 760 1303 deo
777 1241 876 1314 salam,

391 1330 532 1392 conducta
548 1336 593 1389 est
606 1327 700 1406 pretio
716 1327 809 1406 puelia
824 1345 914 1406 parvo

391 1415 559 1476 communis
575 1414 645 1474 satis
662 1412 801 1472 omnihus
815 1413 928 1472 futura:

391 1520 464 1580 qnae
480 1507 552 1580 quot
566 1506 651 1559 nocte
666 1497 745 1558 viros
760 1497 871 1576 peregit
885 1515 957 1569 uua,

389 1592 435 1647 tot
449 1605 551 1664 verpas
566 1584 618 1645 tibi
634 1583 745 1644 dedicat
760 1582 895 1662 salignas.

691 1753 794 1814 XXXV

377 1821 577 1930 'medicatae
591 1858 653 1928 fur,
669 1856 774 1930 semel,
791 1856 842 1916 sed
855 1856 932 1916 idem

349 1944 416 2004 atsi
431 1961 557 2022 prensus
572 1942 663 2003 fueris
677 1941 735 2013 his,
751 1940 912 2002 irrumabo.

386 2029 471 2108 ,quod
488 2028 513 2088 si
527 2027 610 2088 tertia
623 2028 702 2088 furta
718 2025 861 2100 molieris,

389 2121 422 2176 ut
436 2133 560 2192 poenam
576 2112 685 2192 patiare
700 2120 728 2173 et
743 2112 818 2172 hanc
833 2118 863 2172 et
877 2110 968 2182 illam,

391 2199 571 2278 pedicaberis
587 2195 841 2275 irrumaberisque.

615 2334 617 2341 ’
685 2367 802 2428 xxxvi

391 2471 482 2532 Notas
499 2469 641 2530 habemus
657 2469 781 2548 quisque
797 2469 930 2548 corporis
945 2469 1072 2530 formas:
1111 2483 1119 2488 ·

391 2555 527 2615 Phoebus
544 2573 697 2627 comesne,
714 2554 852 2614 Hercules
867 2553 1043 2630 lacertosus,
1122 2558 1125 2564 '

389 2641 478 2700 trahit
493 2639 614 2718 figuram
630 2639 748 2717 virginis
764 2647 846 2700 tener
861 2639 1006 2708 Bacchus:

390 2725 517 2785 MInerva
533 2723 605 2783 ssavo
622 2723 732 2784 lumine
747 2731 806 2796 est,
823 2724 920 2784 Venus
937 2732 1036 2803 paeto;

391 2809 488 2869 fronte
504 2809 623 2870 crinitos
639 2810 765 2882 Arcadas
781 2809 859 2869 vides
875 2810 1006 2880 Faunum

391 2894 477 2955 habet
493 2894 627 2954 decentes
643 2894 763 2955 nuntius
780 2895 865 2955 deum
882 2893 1013 2972 plantas3

390 2980 477 3040 tutela
493 2978 595 3039 Lemni
611 2980 743 3056 dispares
760 2987 859 3040 movet
873 2997 1008 3057 gressus3

390 3064 508 3124 intonsa
523 3083 639 3142 semper
654 3064 826 3142 Aesculapio
843 3063 931 3125 barba
948 3071 1006 3138 est;

285 3206 296 3216 ⁴.
390 3167 477 3210 nemo
494 3156 538 3208 est
552 3148 641 3209 feroci
657 3149 841 3227 pectorosior
856 3149 960 3210 Marte:

393 3234 470 3313 quod
489 3235 514 3294 si
529 3233 594 3312 quis
610 3234 685 3294 iuter
701 3235 772 3295 haec
786 3233 868 3294 locus
884 3234 954 3294 mihi
970 3240 1074 3307 restat,

391 3319 463 3379 deus
480 3318 586 3398 Priapo
602 3318 789 3381 mentulatior
803 3337 865 3380 nou
881 3327 937 3380 est.

677 3489 806 3550 XXXVII

285 3609 310 3646 r:
391 3590 448 3650 Cur
462 3590 573 3669 pictum
588 3589 713 3652 memori
729 3593 767 3652 sit
781 3591 812 3652 in
826 3590 928 3652 tabella

391 3675 571 3748 membrum,
587 3675 742 3754 quaeritis,
757 3677 835 3737 unde
850 3672 1062 3756 procreamur?

392 3779 459 3821 cum
475 3760 558 3839 penis
574 3760 646 3821 mihi
660 3761 736 3821 forte
751 3761 847 3821 laesus
864 3766 942 3820 esset

392 3845 577 3923 chirurgique
592 3863 712 3904 manum
728 3845 818 3906 miser
832 3845 982 3918 timerem,

309 3946 324 3998 5
394 3931 439 3992 dis
454 3949 502 3991 me
515 3927 651 4009 legitimis
666 3928 811 4006 nimisque
825 3928 952 4006 magnis,
