2728 4344
505 249 647 304 sennan

133 408 339 484 thesaurosque
354 402 455 483 raptis?
485 405 581 467 nescis
596 414 643 482 tu,
658 405 774 484 Magne,
789 406 865 467 tueri

131 493 272 554 llomanas
287 487 391 552 arces?
419 491 576 570 Epidamni
592 492 706 552 rnoenia
722 509 828 571 quaere

132 577 367 657 Thessalicosque
382 576 465 638 sinus
481 577 611 638 humano
628 578 771 655 sanquine
787 567 913 654 tinguc.‘'

129 663 231 725 laetum
245 663 334 725 estin
349 663 448 738 terris,
464 661 601 742 quicquid
616 662 767 724 Discordia
782 651 878 723 iussit'
1063 677 1112 729 295

566 758 585 802 a

116 853 174 896 cum
193 835 265 896 baec
283 833 448 912 Eumolpos
467 833 577 911 ingenti
597 832 773 894 volubilitate
791 832 947 894 verberum
970 832 1129 905 ellurlisset,

56 919 144 982 tandem
168 918 296 981 Crotona
322 919 505 980 intravimus.
548 918 596 979 ubi
622 918 740 998 quidem
771 938 859 998 parvo
887 919 1054 980 deversorio
1082 938 1127 980 re-

57 1004 114 1074 lecti,
131 1015 243 1084 postero
265 1005 313 1066 die
331 1005 483 1084 amplioris
497 1004 632 1066 fortunae
647 1005 770 1066 domum
786 1011 958 1083 quaerentes
975 1003 1131 1066 incidimus

59 1089 182 1152 inturbam
198 1090 433 1170 heredipetarum
455 1090 683 1163 sciscitantium,
704 1090 787 1170 quod·
802 1108 894 1169 genus
910 1089 1064 1150 bominum
1081 1098 1132 1151 aut

61 1176 113 1236 unde
123 1175 288 1238 veniremus.
319 1195 354 1236 ex
370 1176 550 1256 praescripto
566 1195 635 1255 ergo
652 1175 766 1236 consilii
781 1175 948 1237 communis
960 1183 1130 1254 exaggerata

58 1261 176 1322 verborum
192 1261 385 1334 volubilitate,
405 1262 483 1324 unde
503 1269 552 1323 aut
567 1262 615 1342 qui
631 1279 774 1333 essemus,
790 1261 866 1322 baud
883 1261 971 1324 dubie
986 1260 1130 1323 ursolenti-

56 1345 96 1406 bus
112 1347 297 1410 indicavimus.
344 1347 393 1426 qui
415 1347 512 1409 statim
535 1367 608 1427 opes
624 1366 693 1409 suas
710 1365 828 1408 summo
845 1366 912 1409 cum
928 1347 1085 1408 certamine
1100 1346 1129 1407 in

55 1431 198 1512 Eumolpum
210 1441 426 1512 congesserunt

117 1605 234 1668 cenahm
250 1621 359 1666 omnes
374 1603 557 1685 heredipetae
571 1604 744 1666 muneribus
759 1604 880 1682 gratiam
896 1603 1033 1684 Eumolpi
1048 1603 1130 1665 solli-

59 1687 121 1750 ritant

566 1788 586 1830 t

118 1859 177 1920 dum
192 1861 263 1924 haec
279 1877 389 1939 magno
403 1867 537 1940 tempore
552 1861 680 1922 Crotone
694 1862 829 1938 ametur]
840 1867 875 1925 et
889 1860 1052 1940 Eumolpus
1066 1860 1200 1922 teti-125

60 1939 118 2033 ¹ritate
140 1945 236 2024 plenus
256 1945 367 2026 prioris
386 1946 525 2008 lortunne
543 1953 624 2008 esset
644 1945 751 2008 oblitus
772 1953 880 2008 statum
901 1947 989 2020 adeo,
1016 1954 1049 2008 ut
1068 1947 1130 2008 suis

61 2035 158 2101 recurat,
172 2032 319 2092 neminem
335 2032 444 2110 gratiae
458 2050 527 2093 suae
543 2032 582 2094 ibi
598 2049 688 2111 posse
702 2031 840 2092 resistere
854 2032 1033 2114 impuneque
1047 2051 1129 2104 suos,

61 2109 77 2169 ti
92 2114 145 2190 quid
162 2116 353 2198 deliquissent
367 2117 396 2178 in
411 2136 443 2179 ea
460 2116 546 2191 urbe,
567 2117 709 2178 beneficio
724 2115 885 2180 amicorum
901 2121 1022 2180 laturos.
1054 2126 1130 2179 oete-

62 2213 106 2257 run
119 2219 176 2279 eqo,
195 2204 247 2265 etsi
263 2203 397 2284 quotidie
412 2201 506 2283 magis
522 2203 672 2283 magisque
688 2202 936 2282 superfluentibus
951 2202 1037 2265 bonis
1053 2203 1130 2282 sagi·

64 2289 133 2346 natvm
150 2306 251 2368 eorpus
271 2290 459 2369 impleveram
482 2289 677 2368 putabamque
697 2307 714 2351 a
733 2289 866 2350 custodia
886 2288 944 2350 mei
968 2288 1132 2350 removisse

63 2366 140 2431 vultum
153 2373 321 2448 Fortunam,
336 2383 434 2436 tamen
450 2373 567 2454 saepius
582 2383 640 2437 mm
657 2374 898 2436 consuetudinem
912 2393 1006 2436 meam
1019 2375 1131 2452 cogita·

61 2448 110 2510 hau
125 2474 195 2533 quam
211 2479 364 2530 caussam,
384 2467 413 2520 et
423 2451 519 2539 ‘quivi'
534 2459 644 2520 aiebam
657 2449 699 2522 ‘si
715 2459 834 2521 callidus
849 2467 981 2540 captator
996 2460 1132 2540 explore-

65 2541 134 2630 itttn
148 2541 170 2604 in
186 2547 315 2608 Africam
335 2545 448 2606 miserit
467 2545 710 2626 mendaciumque
730 2546 953 2626 deprehenderit
973 2543 1131 2608 nostrum?

64 2623 119 2713 qm
128 2626 146 2686 si
154 2631 234 2692 etiam
248 2631 470 2692 mercennarius
480 2631 635 2712 [Eumolpi]
645 2632 789 2710 praesenti
801 2631 935 2694 felicitate
946 2633 1041 2694 lassus
1054 2631 1131 2694 indi·

61 2723 114 2768 cum
130 2714 158 2774 ad
177 2718 288 2780 amicos
310 2716 442 2778 detulerit
460 2724 611 2796 totamque
629 2717 769 2780 fallaciam
796 2717 937 2780 invidiosa
964 2718 1132 2797 proditione

64 2787 188 2862 detexerit?
222 2821 330 2883 nempe
360 2820 463 2864 rursus
494 2801 664 2881 fugiendum
692 2802 746 2864 erit
771 2812 799 2865 et
824 2804 941 2866 undem
969 2812 1131 2883 expugnata

60 2890 181 2956 teupertus
195 2905 267 2950 nova
284 2887 471 2950 mendicitate
486 2888 656 2950 revocanda.
687 2887 725 2950 dii
742 2889 877 2968 deaeque,
894 2909 980 2968 quam
997 2890 1071 2950 ntale
1086 2895 1133 2950 est

59 2971 116 3024 extra
128 2966 209 3048 legem
224 2973 404 3036 viventibus:
421 2973 557 3054 quicquid
574 2981 750 3048 meruerunt,
766 2993 885 3054 semper
899 2964 1061 3056 expectaut'

566 3074 586 3118 ae

119 3128 190 3217 ‘quia
209 3145 287 3206 nosti
306 3163 443 3207 venerem
465 3152 558 3218 tuam,
579 3145 746 3227 superbiam
769 3153 868 3224 captas
889 3145 1048 3226 vendisque
1067 3149 1201 3212 arn-126

59 3212 149 3297 plexus,
165 3245 223 3290 non
243 3232 426 3292 commodas.
458 3249 516 3310 quo
537 3231 614 3293 enim
637 3239 770 3311 spectant
788 3232 877 3294 llexae
891 3232 1006 3312 pectine
1022 3251 1132 3306 cernae,

58 3315 101 3375 tuo
113 3306 189 3402 iacies
204 3316 395 3378 medicamine
409 3317 503 3378 attrita
519 3325 548 3378 et
564 3317 715 3379 oculorum
728 3336 844 3397 quoque
855 3317 952 3380 mollis
964 3318 1131 3398 petulantia,

59 3401 102 3460 luo
120 3410 239 3462 incessus
259 3403 330 3463 scite
350 3403 535 3482 compositus
555 3411 584 3464 et
602 3421 639 3463 ne
661 3403 776 3481 vestigia
792 3403 910 3483 quidem
928 3405 1037 3484 pedum
1053 3413 1132 3466 extra

60 3485 197 3543 mensuram
213 3485 382 3559 aberrantia,
399 3488 455 3548 nisi
471 3489 549 3567 qnod
564 3489 692 3549 formam
709 3488 922 3568 prostituisut
936 3487 1069 3552 vendas?
1088 3491 1132 3551 vi-

61 3552 98 3615 les
111 3578 161 3659 nte:
175 3586 227 3632 nec
238 3573 354 3651 auguria
366 3573 436 3634 novi
448 3591 503 3634 nec
515 3574 788 3636 matbematicorum
802 3577 911 3638 caelum
925 3595 1026 3638 curare
1039 3575 1129 3646 soleo,

62 3647 203 3738 cunvultrbus
217 3663 310 3719 tamen
326 3659 480 3720 bominum
496 3677 594 3721 mores
610 3659 727 3739 colligo,
749 3668 858 3723 etcum
874 3663 1049 3742 spatiantem
1066 3659 1132 3733 vidi,

62 3729 112 3798 llll
130 3738 225 3817 cogitet
242 3743 310 3804 scic.
341 3745 401 3805 sive
422 3763 491 3824 ergo
511 3745 597 3806 nobis
614 3746 713 3806 vendis
728 3747 808 3826 quod
823 3755 901 3827 peto,
919 3754 1063 3808 mercator
1078 3763 1131 3823 pa·
1173 3821 1177 3828 .
1309 3699 1330 3787 i

63 3817 124 3874 ratus
136 3828 187 3892 est,
201 3825 258 3888 sive
271 3831 348 3909 quod
364 3830 523 3892 humanius
538 3839 592 3904 est,
608 3833 795 3903 commodas,
815 3832 897 3894 elhce
913 3839 944 3892 ut
958 3827 1131 3892 beneficium

64 3890 202 3971 debeamus.
231 3931 297 3976 nam
312 3917 392 3997 quod
408 3935 525 3978 servum
540 3924 569 3979 te
584 3925 613 3978 et
627 3918 766 3980 humilem
778 3918 887 3992 fateris,
903 3916 1039 3979 accendis
1052 3916 1132 3978 desi-
