2728 4344
695 215 850 270 uuraonn

771 1609 784 1669 l

308 1713 428 1775 Servios
444 1715 482 1776 od
500 1713 608 1793 Vcrpili
621 1711 689 1774 Aen.
703 1713 754 1774 lll
766 1715 824 1776 57.-
844 1718 907 1778 auri
927 1735 1007 1778 sacra
1021 1716 1124 1794 iarnes]
1143 1735 1227 1779 sacra
1242 1719 1271 1779 id
1288 1728 1326 1779 est

224 1799 399 1860 execrabilis.
428 1806 535 1860 tractus
552 1807 596 1860 est
611 1807 705 1860 autem
724 1819 820 1861 sermo
837 1821 871 1863 ex
886 1821 970 1862 rnore
986 1801 1143 1862 Gallorum.
1166 1821 1235 1864 narn
1252 1805 1326 1864 Mas·

224 1885 356 1945 silienses
372 1884 507 1963 quotiens
523 1884 684 1964 pestilentia
700 1885 883 1960 laborabant,
899 1906 975 1948 unus
991 1907 1023 1947 se
1038 1907 1071 1947 er
1087 1889 1267 1966 pauperibus
1284 1889 1325 1948 ci-

222 1969 334 2030 ferebat
349 1970 469 2030 alendus
486 1987 562 2030 anno
579 1968 692 2046 integro
709 1969 831 2050 publicis
847 1972 1008 2052 sumptibus
1022 1979 1050 2032 et
1063 1971 1235 2051 purioribus
1248 1974 1324 2035 cibis.

222 2054 271 2114 hic
290 2062 391 2135 postea
413 2063 534 2115 ornatus
555 2054 686 2115 verbenis
702 2062 730 2115 et
746 2055 872 2117 vestibus
888 2057 977 2118 sacris
993 2056 1265 2120 circumducebatur
1278 2079 1325 2138 per

223 2146 316 2200 totam
337 2139 477 2200 civitatem
500 2159 565 2200 curn
587 2140 833 2214 execrationibus,
854 2143 937 2203 utin
959 2141 1056 2222 ipsum
1076 2141 1242 2204 reciderent
1257 2145 1323 2203 nrala

222 2225 313 2286 totius
340 2225 476 2300 civitatiS,
508 2225 605 2287 etsie
630 2226 882 2305 praecipitabatur.
926 2227 984 2288 hoc
1009 2235 1104 2288 autem
1131 2227 1161 2288 in
1189 2229 1322 2290 Petronio

220 2307 326 2370 lectum
342 2318 388 2371 est

763 2485 788 2546 ll

308 2585 428 2647 Servius
443 2587 481 2647 ad
499 2585 609 2666 Vcrpib'
621 2586 690 2648 Aen.
705 2585 765 2647 XII
778 2585 842 2648 159
858 2589 890 2649 de
904 2591 1044 2668 feminino
1059 2591 1213 2651 nominum
1229 2594 1259 2651 in
1270 2609 1320 2651 ron

222 2675 389 2732 coeuntium
404 2689 506 2750 ponere
517 2675 715 2753 praecipiens:
731 2673 755 2733 si
772 2679 868 2734 autern
884 2692 899 2734 a
912 2674 1002 2734 verbo
1015 2693 1076 2736 non
1088 2676 1230 2750 venerint,
1243 2694 1318 2736 conr-

221 2756 322 2815 rnunia
339 2763 416 2816 sunt.
446 2775 515 2817 nam
531 2757 664 2818 similiter
678 2756 839 2819 masculina
854 2766 882 2819 et
895 2758 1035 2821 feminina
1049 2761 1080 2820 in
1092 2779 1151 2820 ron
1163 2769 1278 2834 exeunt,
1292 2767 1323 2820 ut

220 2839 269 2901 bic
284 2848 312 2901 et
327 2843 399 2902 haec
414 2849 538 2914 senator,
553 2842 601 2904 hic
616 2852 644 2904 et
658 2843 729 2904 haec
743 2843 901 2922 balneator,
918 2844 983 2908 licet
993 2845 1149 2906 Petronius
1165 2864 1322 2927 usurpave-

220 2925 258 2986 rit
269 2914 504 2988 ‘balneatricem'
519 2928 618 2990 dicens

752 3103 790 3165 lll

305 3203 381 3266 Acro
394 3206 432 3266 od
442 3203 552 3266 lloroti
561 3206 641 3285 epod.
657 3203 747 3265 Vae:
769 3205 886 3266 Canidia
900 3204 1009 3268 rodens
1025 3206 1168 3286 pollicem]
1192 3207 1320 3269 habitum

221 3294 250 3348 et
268 3296 366 3350 motus
382 3289 515 3352 Canidiae
535 3289 677 3369 expressit
696 3290 829 3352 furentis.
860 3291 1016 3352 Petronius
1036 3300 1069 3353 ut
1082 3294 1292 3355 monstrareti
1310 3327 1321 3337 -

220 3380 342 3444 rentem,
355 3363 477 3452 ‘pollice'
494 3375 533 3436 ait
544 3367 650 3455 ‘usque
665 3375 699 3436 ad
714 3375 874 3455 periculum
891 3365 967 3436 roso’
1238 3399 1241 3406 ’

747 3584 799 3646 llll

304 3679 442 3744 Sidonius
457 3680 635 3765 Apollinaris
650 3689 790 3748 carminis
803 3681 919 3746 xxrrl:

438 3783 487 3834 145
523 3769 591 3849 quid
606 3789 658 3831 vos
674 3770 780 3850 eloquii
796 3789 896 3832 cauam
912 3769 1020 3844 Latini,

519 3854 658 3933 Arpinas,
674 3854 822 3928 Patavine‚
838 3852 1013 3916 Mantuano?
1025 3889 1065 3900 -
