2728 4344
600 235 742 289 sannas
1183 239 1223 304 83

112 389 269 451 latendum
291 397 350 450 est:
371 407 404 450 ex
424 407 480 468 qua
495 388 592 450 hora
584 388 719 450 iniuriam
735 390 858 469 accepit,
879 391 956 470 apud
972 408 1078 452 senon
1095 382 1159 494 est(³
1187 390 1223 454 li·

113 475 221 536 benter
235 473 353 554 quidem
369 492 452 553 parur
445 473 584 536 'ancillae
598 474 740 555 verbaque
756 474 895 536 codicillis
910 475 997 537 talia'
989 477 1131 555 imposui:
1143 467 1220 538 ςΡιι·
1234 480 1292 542 130

113 561 237 640 lyaenos
254 558 353 620 Circae
374 559 505 620 salntem.
535 559 577 620 lat
564 567 630 620 teor
650 579 707 632 ma,
729 560 862 634 domina,
878 579 966 640 saepe
980 580 1130 641 peccasse3
1152 579 1221 624 nam

114 652 146 706 et
164 645 257 705 homo
279 663 345 705 sum
366 652 394 705 et
413 643 535 705 adhuc
527 645 648 706 iuvenis.
676 662 838 724 numquam
858 652 955 707 tamen
972 655 1038 708 ante
1052 647 1132 708 hunc
1146 647 1221 709 diem

113 749 211 810 usqne
227 730 262 790 ad
278 736 403 790 mortem
417 729 533 809 deliqui.
561 729 663 800 haben,
678 730 807 808 inquam,
821 731 1006 792 confitentem
1021 751 1119 794 reum:
1140 732 1222 812 quic-

113 815 186 895 quid
203 815 338 888 iusseris,
358 815 461 876 merui.
490 813 688 893 proditionem
703 815 772 888 feci,
787 816 937 877 hominem
954 817 1056 900 occidi,
1080 818 1221 897 templum

113 901 234 962 violavi:
253 900 284 960 in
303 901 374 961 hace
391 900 520 961 facinora
540 919 645 979 quaere
665 900 851 980 supplicium.
887 903 947 963 sive
967 902 1099 964 occidere
1118 903 1222 983 placet,

113 985 195 1048 ferro
211 1004 278 1046 meo
293 986 387 1060 renio,
404 984 464 1046 sive
479 985 646 1047 verberibus
662 994 797 1050 contenta
813 1005 853 1060 es,
869 1005 955 1048 curro
967 987 1065 1048 nudus
1077 988 1113 1049 ad
1126 987 1222 1049 dorni-

114 1089 195 1132 nam.
237 1069 306 1131 illud
334 1089 424 1132 unum
453 1078 615 1144 memento,
640 1089 770 1132 nonme
793 1071 1222 1152 sedinslrumentapeceasse.

116 1163 237 1235 paratus
253 1155 337 1216 miles
353 1174 434 1216 arma
450 1173 511 1217 non
526 1155 624 1217 habui.
654 1156 719 1234 quis
735 1156 793 1218 hoe
807 1156 977 1230 turbaverit,
993 1158 1102 1219 nescio.
1132 1157 1222 1220 forsi-

114 1249 164 1303 tan
181 1241 298 1302 animus
314 1241 470 1302 antecessit
485 1241 619 1320 corporis
636 1259 761 1316 moram,
775 1241 899 1304 forsitan
914 1243 985 1304 dum
1002 1242 1100 1304 omnia
1112 1261 1222 1304 coneu-

113 1327 209 1406 pisco‚
226 1326 432 1405 voluptatemt
432 1345 554 1407 empore
569 1327 752 1405 consumpsi.
778 1344 839 1388 non
851 1327 976 1401 invenio
991 1328 1070 1407 quod
1082 1327 1147 1389 ieci
1169 1347 1220 1407 pa-

112 1411 225 1492 ralysin
240 1418 338 1472 tamen
354 1429 453 1473 cavere
466 1412 563 1474 iubes:
579 1420 729 1491 tamquam
745 1412 833 1473 etiam
848 1413 944 1474 maior
954 1413 1016 1474 lieri
1027 1412 1132 1493 possit,
1149 1432 1222 1493 quae

113 1497 239 1560 abstulit
248 1497 329 1569 mihi,
342 1516 395 1576 per
406 1497 483 1577 quod
496 1497 582 1560 etiam
595 1505 623 1558 te
634 1497 741 1558 hahere
752 1499 844 1577 potui
863 1517 979 1560 summa
990 1506 1087 1561 tamen
1100 1517 1221 1560 excusa-

111 1581 206 1643 tionis
219 1601 300 1644 meae
312 1583 383 1644 haee
393 1589 451 1644 est
463 1583 582 1664 placebo
593 1583 686 1658 ιιιιι
663 1602 688 1643 sr
699 1601 747 1644 me
757 1583 871 1664 eulpam
882 1584 1037 1646 emendare
1044 1602 1214 1665 permiseris

659 1684 679 1726 a

202 1751 324 1814 dimissa
340 1771 406 1815 cum
423 1752 566 1814 eiusmodi
577 1753 785 1832 pollicitatione
797 1753 935 1834 Chryside
948 1772 1046 1816 coram
1039 1753 1222 1835 'diligentius

113 1837 361 1900 noxiosissimum
379 1856 497 1918 eorpus,
513 1837 672 1918 balneoque
686 1839 841 1918 praeterito
859 1839 974 1901 modica
991 1838 1128 1901 unctione
1139 1858 1220 1914 usus,

113 1943 185 1986 mox
201 1921 275 1984 cibis
291 1923 478 1984 validioribus
494 1931 607 2004 pastus,
623 1924 651 1984 ld
667 1931 713 1984 est
726 1923 821 1986 hulhis
834 1924 1075 2004 cochlearumque
1086 1924 1150 1986 sine
1161 1924 1222 1986 iure

114 2007 288 2080 cervicibus,
304 2007 387 2069 hausi
402 2008 516 2088 parcius
532 2027 656 2069 merum.
686 2008 755 2070 hine
769 2017 834 2071 ante
846 2028 985 2072 somnum
997 2008 1144 2071 levissima
1156 2028 1221 2070 am-

112 2093 264 2155 bulatione
279 2093 463 2172 compositus
479 2094 542 2155 sine
554 2094 658 2155 Gitone
674 2093 837 2156 cubiculum
853 2095 965 2156 intravi.
987 2101 1066 2156 tanta
1082 2101 1143 2156 erat
1157 2095 1220 2173 pla-

115 2179 199 2240 candi
222 2196 303 2251 eura,
324 2185 355 2240 nt
374 2179 507 2240 timerem
528 2197 566 2240 ne
584 2179 658 2241 latus
673 2199 772 2241 meum
787 2179 876 2242 frater
890 2179 1071 2240 convelleret.
1100 2187 1220 2260 postero
1232 2179 1285 2238 131

114 2265 170 2338 die,
187 2281 254 2324 eum
269 2263 332 2324 sine
345 2263 454 2325 olleosa
467 2264 601 2344 eorporis
613 2265 759 2346 animique
771 2265 1032 2338 consurrexissem,
1048 2263 1078 2324 in
1094 2265 1219 2326 eundem

115 2350 276 2428 platanona
297 2348 447 2421 descendi,
469 2349 583 2411 etiamsi
601 2348 700 2411 locum
715 2350 928 2430 inauspicatum
944 2349 1097 2422 timebam,
1117 2349 1220 2429 coepi-

117 2453 171 2530 que
185 2434 264 2494 inter
277 2433 398 2494 arbores
415 2434 516 2496 ducem
532 2434 643 2496 itineris
659 2443 761 2514 expect
762 2454 810 2496 are
821 2435 1000 2515 Chrysidem.
1023 2453 1078 2496 nec
1089 2433 1138 2495 diu
1150 2453 1220 2514 spa-

118 2518 200 2580 tiatus
218 2519 424 2593 consederam,
443 2519 494 2580 ubi
510 2519 647 2581 hesterno
664 2520 710 2580 die
724 2520 847 2595 fueram,
858 2539 924 2582 cum
940 2520 985 2581 illa
1000 2519 1154 2581 intervenit
1169 2537 1219 2580 co-

119 2603 215 2664 mitem
236 2604 381 2665 aniculam
401 2567 529 2666 tlahens.
560 2611 699 2683 atqueut
713 2625 760 2666 me
776 2605 977 2676 consalutauit
953 2595 1085 2708 t‘quid
1101 2595 1159 2667 est’
1173 2605 1219 2665 in·

116 2689 177 2768 quit
188 2683 262 2751 ‘tfas
250 2696 325 2764 t,ose
340 2689 444 2770 ecquid
459 2689 567 2752 honam
583 2697 711 2752 mentem
727 2690 833 2754 hahere
848 2681 1004 2771 coepisti‘l'

197 2859 244 2921 illa
261 2859 335 2921 de
311 2879 379 2921 srou
391 2860 489 2923 licium
504 2861 626 2941 protulit
640 2861 710 2922 varii
702 2861 828 2924 coloris
840 2861 895 2922 filis
907 2859 1050 2922 intortum
1063 2860 1218 2922 cervicem-

113 2965 170 3026 que
194 2945 288 3008 rinxit
310 2964 415 3006 meam.
444 2964 515 3007 mox
534 2946 684 3008 turbatum
705 2954 793 3026 sputo
813 2947 962 3026 pulverem
983 2943 1081 3007 medio
1101 2944 1220 3007 sustulit

113 3032 203 3112 digito
218 3031 408 3110 frontemque
421 3031 611 3112 repugnantis
627 3031 750 3112 signavit

198 3202 258 3263 hoc
272 3208 390 3282 peracto
406 3202 534 3264 carmine
548 3208 592 3265 ter
607 3220 654 3264 me
670 3201 756 3264 iussit
770 3219 896 3282 expuere
906 3208 1007 3281 terque
1017 3197 1131 3280 lapillos
1144 3219 1218 3262 con-

112 3288 188 3348 icere
209 3286 240 3348 in
255 3287 368 3361 sinum,
388 3305 463 3366 quos
483 3287 547 3367 ipsa
562 3294 764 3385 praecantatos
779 3305 908 3385 purpura
923 3286 1096 3361 involverat,
1115 3285 1218 3348 admo·

113 3371 210 3451 lisque
231 3372 367 3434 manibus
390 3380 503 3434 tentare
523 3372 650 3452 coepit
641 3373 795 3469 inguinum
815 3373 900 3434 uires.
935 3371 1012 3433 dieto
1033 3371 1117 3434 citius
1138 3371 1218 3433 nervi

112 3465 274 3537 paruerunt
293 3457 417 3537 imperio
438 3476 601 3562 manusque
626 3457 789 3520 aniculae
781 3458 892 3537 ingenti
870 3464 1000 3521 timotu
1025 3458 1218 3539 repleverunt.

112 3551 141 3603 at
157 3542 202 3604 illa
216 3542 322 3640 gaudiq
339 3533 494 3604 exultans‘
500 3534 594 3605 vides’
608 3543 704 3624 inquit
714 3533 849 3623 ‘Chrysis
864 3562 939 3618 mea,
954 3542 1044 3617 vides,
1061 3542 1139 3623 quod
1154 3541 1218 3604 aliis

110 3627 244 3708 leporem
260 3618 417 3690 excitavi?

655 3725 676 3774 ιιι

256 3799 365 3861 nohilis
381 3799 502 3862 aestivas
517 3799 650 3880 platanus
667 3799 820 3862 diffuderat
834 3801 953 3863 umbras

256 3892 285 3946 et
299 3883 394 3946 haccis
409 3885 542 3947 redimita
557 3885 678 3964 llaphne
690 3885 889 3966 tremulaeque
904 3901 1060 3966 cupressus

984 3983 1016 4033 6*
