2762 4344
568 171 710 224 siriam
1154 177 1192 238 61

62 349 94 402 et
109 359 171 420 ego
191 340 313 421 quidem
329 347 388 400 tres
404 339 504 418 plagas
522 339 663 418 Spartana
678 339 829 401 nobilitate
841 340 974 401 conooxi.
998 347 1126 403 ceterum
1138 341 1192 402 Gi-

62 435 120 487 ton
131 427 237 487 ‘semel
253 427 329 486 ictus
343 433 402 486 tani
420 425 501 486 valde
518 425 700 497 exclamavit,
716 432 748 486 ut
763 425 953 504 Tryphaenae
968 444 1052 489 aures
1068 426 1191 487 notissi-

62 533 115 573 ma
136 531 214 572 voce
233 511 369 590 repleret.
400 527 461 570 non
482 509 579 571 soluin
599 529 670 587 ergo
690 511 804 572 turhata
825 518 870 572 est
890 513 940 572 sed
960 557 1050 573 .....
1072 511 1189 572 ancillae

63 599 161 659 etiam
180 615 288 658 omnes
303 595 438 657 familiari
450 613 526 656 sono
539 595 674 657 inductae
685 596 722 657 ad
735 597 917 676 vapulantem
930 597 1097 659 decurrunt
1127 597 1185 657 iam

64 685 162 744 Giton
185 682 313 743 mirabili
331 681 427 742 forma
447 691 644 744 exarmaverat
663 689 767 742 nautas
793 690 984 762 coeperatque
1010 683 1097 743 etiarn
1123 681 1186 742 sine

67 789 144 830 voce
161 771 353 830 saevientesi
344 785 457 846 rogare,
474 786 541 827 curn
557 767 674 828 ancillae
689 767 797 847 pariter
808 767 1006 846 proclamant:
1018 760 1078 828 ‘Git
1066 777 1118 828 ton
1130 774 1184 840 est,

66 856 171 928 Giton,
193 853 325 914 inhibete
342 852 557 914 crudelissimas
573 870 691 927 mauus3
707 853 795 915 Giton
810 861 862 927 est,
877 853 1005 925 domina,
1023 871 1185 914 succurre.

68 940 203 1001 deflectit
223 957 310 1000 aures
327 938 526 1018 Tryphaena
518 955 576 999 iam
597 957 650 999 sua
670 946 779 1017 sponte
797 940 948 1000 credentes
967 939 1133 1034 raptimque
1149 939 1186 1000 ad

72 1045 200 1104 puerum
223 1024 346 1086 devolat.
376 1023 493 1098 Lichas,
514 1024 562 1102 qui
583 1043 630 1084 me
645 1025 904 1102 optimeuoverat,
923 1032 1061 1103 tanquam
1077 1031 1107 1085 et
1121 1023 1186 1103 ipse

76 1130 176 1172 vocem
192 1110 338 1183 audisset
313 1108 487 1171 taccurrit
506 1116 535 1170 et
554 1125 608 1169 neo
629 1127 734 1170 manus
751 1128 805 1170 uec
818 1073 921 1171 laciein
938 1128 1032 1171 meam
1048 1108 1186 1170 conside-

74 1197 155 1269 ravit,
173 1197 228 1257 sed
245 1195 385 1258 continuo
401 1196 459 1256 ad
434 1195 572 1298 inguina
585 1213 649 1256 mea
664 1195 824 1257 luminibus
837 1195 955 1257 deflexis
967 1196 1060 1256 movit
1070 1193 1185 1255 officio-

71 1301 137 1344 sam
161 1300 286 1342 manum
304 1288 332 1342 et
344 1271 443 1341 ‘'salve
458 1281 553 1360 iuquit
564 1272 720 1378 ‘Encolpiffi
747 1281 870 1342 iniretur
884 1299 963 1342 nunc
977 1281 1079 1378 aliquis
1097 1279 1185 1341 Vlixis

69 1376 126 1430 uut
127 1369 220 1429 ricem
242 1374 314 1446 post
333 1365 504 1428 vicesimum
525 1383 634 1426 annuin
655 1366 818 1428 cicatricem
840 1366 987 1428 iuvenisse
1001 1366 1121 1446 originis
1138 1365 1185 1426 in-

70 1456 179 1528 dicem,
193 1471 263 1513 cum
276 1453 368 1513 homo
380 1452 515 1532 prudent
508 1451 626 1512 issimus
635 1452 766 1512 confusis
779 1453 917 1514 omuibus
925 1471 1060 1532 corporis
1068 1469 1186 1530 orisque

69 1538 254 1618 liniamentis
275 1537 311 1598 ad
332 1538 453 1599 unicum
472 1536 583 1616 fugitivi
602 1544 805 1617 argumentum
827 1544 887 1599 tarn
907 1539 993 1600 docte
1010 1537 1185 1618 pervenerit.
1224 1587 1226 1595 .

69 1609 251 1705 Tryphaena
267 1623 402 1684 lacrimas
418 1623 520 1684 alludit
534 1623 653 1718 decepta
669 1623 867 1702 supplicio—
878 1642 945 1684 vera
959 1624 1037 1685 enirn
1053 1624 1187 1719 stigmata

69 1709 214 1773 credebat
233 1709 416 1788 captivorum
435 1707 610 1769 frontibus'
603 1727 747 1788 impressa
762 1743 805 1752 -
824 1709 1024 1788 sciscitarique
1045 1708 1185 1770 suminis-

69 1797 133 1858 sius
155 1795 271 1874 coepit,
294 1795 372 1873 quod
394 1794 571 1872 ergastulum
587 1793 791 1874 intercepisset
805 1802 948 1867 errantes,
965 1801 1015 1856 aut
1029 1794 1111 1856 cuius
1126 1801 1187 1854 tam

70 1881 209 1942 crudeles
237 1897 344 1940 manus
370 1879 400 1939 in
426 1880 484 1940 hoc
508 1879 684 1958 supplicium
707 1880 872 1941 durassent.
903 1879 1047 1941 meruisse
1067 1878 1186 1959 quidem

75 1964 286 2029 contumeliam
303 1965 428 2044 aliquam
443 1963 526 2043 fugit
519 1983 591 2037 ivos,
608 1964 733 2043 quihus
725 1983 756 2025 iii
772 1964 871 2026 odium
884 1963 961 2026 hona
973 1985 1026 2027 sua
1037 1965 1187 2027 venissent

75 2097 181 2113 .....
200 2051 286 2111 conci
287 2057 365 2110 tatus
380 2049 527 2110 iracundia
544 2049 670 2128 prosiliit
657 2041 866 2111 Ltiohasat‘o
849 2041 914 2111 ote
930 2044 1061 2130 iuquit‘l
1058 2050 1184 2147 eminam
1196 2047 1255 2108 106

74 2138 253 2218 simplicem,
269 2144 407 2214 tauquam
425 2135 542 2196 vulnera
557 2134 635 2196 ferro
652 2143 869 2215 praeparatat
837 2136 882 2196 litt
869 2143 945 2196 teras
961 2136 1095 2196 biberint
1126 2136 1185 2196 uti·

76 2242 140 2284 iiam
164 2221 286 2302 quidem
311 2223 364 2281 hac
384 2240 415 2281 se
437 2221 629 2298 inscriptione
647 2220 754 2281 frontis
776 2221 984 2282 maculassent:
1011 2221 1185 2282 haberemus

78 2327 130 2369 nos
155 2316 322 2370 extremum
350 2307 495 2367 solatium.
532 2324 611 2367 nuuc
636 2306 761 2368 mimicis
788 2307 898 2368 artibus
924 2306 1005 2415 petiti
1032 2325 1135 2368 sumus
1158 2312 1187 2366 et

79 2392 272 2455 adumbrata
265 2391 390 2470 inscript
392 2391 458 2452 ioue
475 2382 581 2452 derisi?

162 2479 279 2546 volebat
294 2477 465 2556 Tryphaena
486 2477 631 2549 misereri,
652 2477 719 2555 quia
740 2485 828 2539 nont
815 2484 907 2539 totam
922 2478 1100 2556 voluptatem
1116 2495 1185 2556 per-

83 2562 201 2636 diderat,
216 2564 269 2624 sed
283 2563 386 2623 Lichas
402 2581 518 2623 mernor
533 2562 628 2623 adhuc
642 2561 742 2622 uxoris
759 2571 915 2641 corruptae
927 2563 1186 2624 contumeliarum·

80 2667 146 2727 que,
168 2669 242 2729 quas
258 2649 289 2708 iii
305 2648 438 2709 Herculis
453 2648 569 2728 porticu
585 2655 747 2726 acceperat,
723 2648 879 2709 tturhato
895 2648 1091 2710 vehementius
1107 2648 1187 2709 vultu

80 2735 252 2810 proclamat:
265 2727 374 2794 ‘'deos
366 2735 546 2798 immortales
559 2752 657 2793 rerum
669 2734 864 2795 humanarum
877 2753 966 2812 agere
975 2753 1085 2808 ourani,
1102 2739 1185 2829 puto,

80 2819 256 2891 intellexisti,
274 2839 291 2879 o
309 2819 489 2898 Tryphaena
520 2837 588 2880 uani
604 2819 805 2897 imprudentes
820 2819 925 2880 noxios
941 2821 970 2881 in
986 2828 1122 2906 nostruin
1137 2819 1185 2878 in·

78 2905 183 2966 duxere
203 2905 366 2982 navigium,
388 2912 415 2966 et
435 2905 503 2984 quid
517 2904 669 2976 fecissent,
690 2905 906 2966 admonuerunt
921 2905 983 2984 pari
999 2899 1185 2967 somniorum

78 3009 233 3052 consensu.
264 2991 303 3050 ita
323 2991 401 3063 vide,
427 2998 461 3050 ut
479 2989 576 3069 possit
595 2989 677 3050 illis'
669 2991 796 3068 ignosci,
823 3009 898 3069 quos
918 2991 953 3051 ad
974 3008 1100 3068 poenam
1121 2991 1186 3068 ipse

78 3075 144 3138 deus
162 3075 294 3137 deduxit.
325 3038 404 3154 quod
424 3077 460 3136 ad
481 3095 528 3135 me
547 3075 658 3148 attinet,
681 3092 743 3136 non
763 3095 830 3137 suin
846 3077 987 3149 crudelis,
1008 3075 1059 3136 sed
1075 3091 1185 3147 vereor,

78 3178 112 3222 ne
132 3163 212 3241 quod
229 3160 387 3234 remisero,
409 3152 522 3239 patiar?
550 3167 611 3222 tarn
631 3161 836 3258 superstitiosa
859 3181 910 3223 ora
912 3161 992 3222 tione
1012 3161 1186 3258 Tryphaena

77 3255 184 3308 mutata
196 3254 284 3324 negat
295 3265 327 3308 se
338 3247 523 3324 interpellare
535 3245 741 3326 supplicium,
734 3265 826 3308 immo
839 3247 975 3308 accedere
987 3247 1073 3308 etiam
1082 3247 1186 3308 iustis·

79 3333 165 3393 simae
180 3331 295 3392 ultioni.
325 3351 380 3393 nec
400 3351 431 3393 se
451 3332 548 3392 minus
570 3332 672 3409 grandi
688 3340 817 3393 vexatam
833 3332 937 3394 iniuria
954 3351 1041 3412 quain
1058 3333 1186 3407 Licham,

80 3419 156 3479 cuius
172 3417 298 3496 pudoris
314 3417 436 3498 dignitas
452 3417 481 3478 in
499 3417 636 3479 contione
651 3417 815 3498 proscripta
832 3419 871 3480 sit

614 3514 635 3553 si·

157 3581 229 3660 ‘me
246 3596 280 3649 ut
294 3596 366 3668 puto
379 3588 530 3649 hominem
542 3608 605 3650 uon
616 3589 760 3668 ignotum,
777 3589 926 3668 elegerunt
937 3591 972 3651 ad
986 3591 1044 3650 hoc
1056 3588 1185 3650 officium
1196 3589 1255 3650 107

83 3671 222 3751 [legatum]
239 3674 458 3753 petieruntque,
481 3681 514 3735 ut
534 3695 566 3735 se
584 3675 804 3736 reconciliarem
820 3674 973 3753 aliquando
988 3673 1184 3736 amicissimis.

82 3756 138 3816 nisi
154 3759 229 3820 lorte
250 3760 357 3838 putatis
378 3759 497 3820 iuvenes
514 3779 583 3820 casu
598 3759 629 3819 iu
644 3761 697 3820 has
713 3760 813 3838 plagas
829 3760 980 3830 incidisse,
1003 3777 1069 3820 cum
1086 3758 1185 3820 oinuis

81 3849 176 3904 vector
189 3844 260 3905 nihil
274 3845 358 3924 prius
374 3854 502 3924 quaerat,
519 3863 607 3924 quam
624 3845 708 3906 cuius
723 3864 755 3906 se
771 3845 934 3922 diligentiae
948 3844 1054 3906 credat.
1080 3843 1187 3906 llectite
