2762 4344
561 215 705 269 snrntxn
1143 220 1186 282 49

66 393 164 436 manu
180 373 283 452 coepit
297 379 327 432 et
341 363 481 432 direre:“
483 391 573 452 quare
587 390 649 432 non
663 363 831 434 facimus?”
860 379 923 433 bum
940 389 994 450 ego
1009 371 1130 478 totiens«
1132 392 1185 435 ex-

67 461 177 521 citatus
193 459 284 538 plane
300 459 485 518 vehementer
500 457 640 519 excandui
659 467 689 519 et
702 458 816 519 reddidi
836 457 875 518 illi
895 476 983 520 voces
1004 475 1088 522 suas:
1109 447 1187 522 “aut

68 545 181 616 dormi,
199 553 251 606 aut
265 561 322 622 ego
337 543 394 603 iarn
410 544 485 622 patri
501 533 620 604 dicam¹'

620 641 642 680 ιι

156 721 277 776 erectus
293 713 340 773 his
356 714 546 775 sermonibus
561 714 716 775 consulere
730 712 949 794 prudentiorem
965 715 1062 794 coepi,
1077 721 1184 778 aetates
1200 710 1241 776 88

69 801 239 863 tabularum
260 807 289 859 et
309 801 452 878 quaedam
475 807 646 878 argumenta
662 800 734 860 mibi
751 800 875 860 obscura
891 799 1036 879 simulque
1051 818 1185 862 caussam

71 887 201 947 desidiae
216 885 384 964 praesentis
400 893 542 958 excutere,
559 903 626 946 cum
640 885 855 984 pulcherrimae
869 892 945 946 artes
961 885 1122 964 perissent,
1139 885 1186 946 in·

72 981 116 1033 ter
142 991 219 1074 quas
244 971 382 1070 pictura
385 987 423 1029 ne
448 971 603 1031 minimum
630 971 747 1050 quidem
769 971 815 1032 sui
837 970 990 1049 vestigium
1004 970 1186 1068 reliquisset

73 1067 135 1118 tum
150 1048 219 1118 ille‘
226 1045 382 1135 pecuniae’
404 1055 499 1135 inquit
509 1048 669 1135 cupiditas
685 1057 757 1117 baec
771 1056 884 1134 tropica
899 1054 1032 1116 instituit
1079 1056 1186 1134 priscis

78 1145 153 1203 enirn
172 1140 377 1220 temporibuS,
399 1158 466 1201 curn
487 1142 583 1202 adhuc
597 1142 674 1202 nuda
689 1143 780 1202 virtus
796 1142 934 1222 placeret,
954 1141 1089 1220 rigebant
1108 1148 1185 1202 artes

76 1230 216 1306 ingenuae
237 1243 449 1304 summumque
469 1235 619 1287 certamen
640 1226 717 1288 inter
736 1227 872 1288 homines
888 1234 962 1299 erat,
976 1244 1013 1286 ne
1028 1225 1096 1305 quid
1113 1243 1184 1306 pro-

72 1315 209 1374 futurum
226 1311 350 1373 saeculis
370 1311 419 1372 diu
434 1311 544 1372 lateret.
574 1313 671 1390 itaque
685 1312 843 1374 herbarum
858 1311 989 1372 omnium
1007 1329 1112 1372 succos
1128 1310 1185 1372 [le-

71 1399 216 1460 mocritus
233 1397 388 1476 expressit,
410 1405 439 1457 et
452 1415 490 1458 ne
504 1396 633 1476 lapidum
649 1397 901 1476 virgultorumque
915 1396 961 1458 vis
975 1397 1092 1470 lateret,
1106 1403 1185 1458 aeta·

69 1495 127 1546 tem
150 1487 232 1545 inter
252 1482 451 1561 experimenta
467 1482 663 1562 consumpsit.
692 1483 834 1544 Eudoxos
853 1482 969 1562 quidem
989 1481 1019 1542 in
1035 1481 1186 1543 cacumine

69 1567 267 1632 excelsissimi
288 1568 397 1628 montis
418 1568 585 1640 consenuit,
605 1575 639 1628 ut
656 1575 804 1629 astrorum
820 1566 949 1647 caelique
963 1575 1062 1628 motus
1078 1567 1185 1646 depre-

69 1657 226 1726 henderet,
242 1661 271 1713 et
285 1651 482 1733 Chrysippus,
498 1654 580 1716 ut'ad
595 1652 794 1715 inventionem
809 1653 958 1715 sufficeret
971 1653 1041 1725 reri,
1057 1652 1185 1714 elleboro

69 1743 205 1803 animum
222 1738 352 1799 detersit
383 1757 484 1799 verum
499 1746 533 1799 ut
546 1739 582 1799 ad
598 1739 707 1818 plastas
719 1746 881 1812 convertar,
899 1738 1060 1819 Lysippum
1074 1745 1185 1800 statuae

69 1829 157 1889 unius
173 1823 356 1886 liniamentis
378 1824 579 1886 inhaerentem
595 1825 694 1904 inopia
707 1825 842 1897 extinxit,
864 1831 892 1885 et
902 1823 1015 1904 Myron,
1032 1824 1080 1903 qui
1093 1842 1185 1903 paene

70 1914 186 1974 animas
203 1909 359 1970 bominum
371 1909 562 1989 ferarumque
574 1929 640 1971 aere
653 1909 923 1990 comprehenderat,
938 1927 998 1970 non
1011 1910 1122 1970 invenit
1132 1909 1184 1970 he·

72 2001 180 2059 nedem.
219 2003 250 2056 at
269 2013 325 2055 nos
345 1993 413 2054 vino
434 1995 599 2074 scortisque
620 1995 747 2056 demersi
766 2013 804 2056 ne
824 2000 939 2074 paratas
965 1995 1082 2075 quidem
1108 2001 1184 2055 artes

74 2087 218 2146 audemus
236 2097 428 2157 cognoscere,
449 2081 500 2140 sed
521 2088 706 2142 accusatores
722 2079 901 2159 antiquitatis
916 2080 984 2140 vitia
1000 2086 1112 2140 tantum
1129 2079 1184 2140 do·

72 2188 172 2232 cemus
191 2175 221 2227 et
237 2165 387 2226 discimus.
417 2165 466 2226 ubi
479 2172 526 2226 est
537 2162 706 2226 dialectica?
721 2165 772 2226 ubi
783 2161 987 2226 astronomia?
1002 2163 1052 2224 ubi
1066 2164 1183 2242 sapien-

72 2257 126 2316 tiae
142 2249 308 2315 cultissima
325 2248 392 2311 vie?
415 2251 494 2330 quis,
511 2249 647 2328 inquam,
663 2251 741 2311 venit
757 2250 787 2310 in
807 2249 949 2328 templum
971 2255 1001 2308 et
1014 2255 1114 2309 votum
1137 2249 1184 2310 fe-

75 2342 118 2412 cit,
133 2341 158 2400 si
175 2339 213 2398 ad
230 2336 424 2414 eloquentiam
439 2332 644 2414 pervenisset?
659 2334 734 2415 quis,
752 2335 777 2396 si
791 2333 995 2414 philosophiae
1008 2333 1121 2394 fontem
1138 2341 1183 2396 et-

73 2420 209 2503 tigisset?
241 2441 275 2483 ac
290 2439 327 2481 uc
341 2420 449 2482 bonam
466 2421 584 2500 quidem
600 2428 728 2481 mentem
744 2427 795 2481 aut
808 2419 917 2480 bonam
929 2418 1114 2480 valitudinem
1128 2438 1184 2499 pe-

78 2517 158 2582 tunt,
179 2508 232 2570 sed
254 2507 353 2568 statim
373 2513 439 2566 ante
459 2523 546 2584 quam
566 2506 655 2567 limen
670 2505 804 2586 Capitolii
823 2512 955 2584 tangant,
977 2504 1049 2566 alius
1071 2506 1183 2566 donum

79 2595 231 2674 promittit,
254 2592 279 2652 si
294 2592 496 2671 propinquum
511 2590 628 2652 divitem
645 2591 792 2667 extulerit,
813 2591 895 2664 alius,
912 2591 938 2652 si
952 2591 1123 2652 thesaurum
1140 2591 1183 2652 el-

74 2679 200 2751 foderit,-
215 2678 303 2748 alius,
330 2678 355 2737 si
373 2678 410 2738 ad
430 2677 585 2738 trecenties
606 2677 774 2739 sestertium
795 2677 891 2739 salvus
912 2676 1083 2756 pervenerit
1119 2677 1184 2757 ipse

75 2774 209 2838 senatus,
229 2765 301 2824 recti
322 2762 450 2840 bonique
464 2769 650 2841 praeceptor,
666 2763 743 2824 mille
758 2763 859 2842 pondo
875 2763 938 2824 auri
953 2761 1095 2841 Capitolio
1112 2780 1184 2841 pro-

75 2853 189 2913 mittere
205 2848 290 2922 solet,
305 2855 334 2908 et
348 2866 385 2908 ne
401 2847 466 2926 quis
477 2847 589 2908 dubitet
599 2849 753 2926 pecuniam
765 2848 982 2927 concupiscere,
996 2847 1094 2908 Iovem
1107 2865 1183 2927 quo-

73 2957 128 3018 que
154 2934 271 3014 peculio
295 2940 426 2994 exornat.
405 2933 523 2994 tnoli
549 2951 618 3011 ergo
645 2933 758 3007 mirari,
785 2933 810 2993 si
836 2933 949 3012 pictura
976 2932 1091 3005 defecit,
1117 2949 1183 2992 curn

72 3023 214 3085 omnibus
230 3019 286 3081 diis
302 3019 531 3097 hominibusque
544 3017 707 3079 formosior
728 3018 822 3078 videat
810 3024 858 3077 tur
878 3035 975 3078 massa
997 3015 1072 3089 auri,
1095 3033 1181 3094 quarn

71 3107 214 3189 quioquid
230 3104 344 3202 Apelles
360 3104 551 3182 Phidiasquc,
568 3103 700 3164 Graeculi
715 3101 882 3174 delirantes,
903 3102 1042 3163 fecerunt.
1072 3099 1164 3161 sed
1138 3119 1182 3160 ιι
1198 3098 1239 3162 89

71 3196 180 3292 deote
199 3198 296 3252 totum
316 3191 347 3251 in
367 3188 412 3250 illa
433 3191 553 3250 haerere
572 3189 687 3262 tabula,
704 3207 776 3269 quae
793 3187 899 3248 Troiae
913 3186 1029 3248 halosin
1045 3185 1182 3248 ostendit

70 3281 170 3358 itaque
186 3276 317 3339 conabor
332 3294 408 3353 opus
424 3274 557 3336 versibus
573 3275 714 3354 pandere·

239 3362 297 3422 iam
314 3361 426 3422 decima
441 3367 570 3421 maestos
585 3360 661 3422 inter
676 3359 816 3438 ancipites
831 3363 927 3419 metus
954 3393 958 3402 «

240 3447 370 3525 Phrygas
388 3445 540 3508 obsidebat
554 3445 659 3506 messis
676 3452 704 3505 et
717 3443 790 3504 vatis
806 3442 878 3503 fides

155 3609 159 3614 Ι
240 3532 402 3594 Calchantis
418 3540 481 3594 atro
498 3531 584 3592 dubia
598 3529 746 3609 pendebat
760 3535 853 3602 metu,

241 3637 306 3679 cum
325 3617 403 3678 Delio
420 3617 555 3696 profante
570 3615 645 3676 caesi
660 3610 794 3675 vertices

242 3703 311 3764 ldae
323 3703 479 3764 trahuntur
494 3701 642 3780 scissaque
658 3699 687 3760 in
703 3699 810 3762 molem
827 3699 934 3761 cadunt
1067 3715 1082 3763 5

241 3789 364 3859 robora,
380 3789 522 3849 minacem
538 3804 612 3866 quae
627 3787 785 3864 figurarent
799 3803 916 3864 equum.

241 3875 370 3954 aperitur
385 3873 489 3953 ingens
504 3879 621 3934 anuum
637 3879 666 3934 et
681 3869 799 3934 obducti
815 3887 937 3949 specus,

130 3969 229 4012 Petronii
243 3969 322 4013 satirae
965 3967 983 4017 4
