<?xml version="1.0" encoding="UTF-8"?>
<!DOCTYPE html PUBLIC "-//W3C//DTD XHTML 1.0 Transitional//EN"
    "http://www.w3.org/TR/xhtml1/DTD/xhtml1-transitional.dtd">
<html xmlns="http://www.w3.org/1999/xhtml" xml:lang="en" lang="en">
 <head>
  <title>
</title>
<meta http-equiv="Content-Type" content="text/html;charset=utf-8" />
  <meta name='ocr-system' content='tesseract 3.04.00' />
  <meta name='ocr-capabilities' content='ocr_page ocr_carea ocr_par ocr_line ocrx_word'/>
</head>
<body>
  <div class='ocr_page' id='page_1' title='image "./satirarumreliqu00arbigoog_0041.png"; bbox 0 0 2762 4344; ppageno 0'>
   <div class='ocr_carea' id='block_1_1' title="bbox 174 223 928 294">
    <p class='ocr_par' dir='ltr' id='par_1_1' title="bbox 174 223 928 294">
     <span class='ocr_line' id='line_1_1' title="bbox 174 223 928 294; baseline 0 -16"><span class='ocrx_word' id='word_1_1' title='bbox 174 229 216 294; x_wconf 82' lang='lat'>24</span> <span class='ocrx_word' id='word_1_2' title='bbox 651 223 808 278; x_wconf 81' lang='lat' dir='ltr'>rnrnouu</span> <span class='ocrx_word' id='word_1_3' title='bbox 923 257 928 262; x_wconf 83' lang='lat'><em>-</em></span> 
     </span>
    </p>
   </div>
   <div class='ocr_carea' id='block_1_2' title="bbox 119 378 1318 3970">
    <p class='ocr_par' dir='ltr' id='par_1_2' title="bbox 172 378 1294 1148">
     <span class='ocr_line' id='line_1_2' title="bbox 173 378 1294 462; baseline -0.004 -17"><span class='ocrx_word' id='word_1_4' title='bbox 173 401 285 445; x_wconf 83' lang='lat' dir='ltr'>vorem.</span> <span class='ocrx_word' id='word_1_5' title='bbox 315 381 391 444; x_wconf 90' lang='lat' dir='ltr'>scias</span> <span class='ocrx_word' id='word_1_6' title='bbox 408 385 533 462; x_wconf 80' lang='lat' dir='ltr'>oportet,</span> <span class='ocrx_word' id='word_1_7' title='bbox 548 379 642 460; x_wconf 88' lang='lat' dir='ltr'>plenis</span> <span class='ocrx_word' id='word_1_8' title='bbox 657 379 728 442; x_wconf 85' lang='lat' dir='ltr'>vebs</span> <span class='ocrx_word' id='word_1_9' title='bbox 741 380 822 442; x_wconf 86' lang='lat' dir='ltr'>hunc</span> <span class='ocrx_word' id='word_1_10' title='bbox 834 379 1019 442; x_wconf 86' lang='lat' dir='ltr'>vinciturum.</span> <span class='ocrx_word' id='word_1_11' title='bbox 1049 385 1078 440; x_wconf 89' lang='lat' dir='ltr'>et</span> <span class='ocrx_word' id='word_1_12' title='bbox 1088 395 1198 454; x_wconf 84' lang='lat' dir='ltr'>revere,</span> <span class='ocrx_word' id='word_1_13' title='bbox 1215 378 1294 460; x_wconf 89' lang='lat' dir='ltr'>quid</span> 
     </span>
     <span class='ocr_line' id='line_1_3' title="bbox 175 463 1293 546; baseline -0.005 -14"><span class='ocrx_word' id='word_1_14' title='bbox 175 469 221 532; x_wconf 88' lang='lat' dir='ltr'>illo</span> <span class='ocrx_word' id='word_1_15' title='bbox 239 467 326 530; x_wconf 90' lang='lat' dir='ltr'>nobis</span> <span class='ocrx_word' id='word_1_16' title='bbox 346 466 417 529; x_wconf 92' lang='lat' dir='ltr'>boni</span> <span class='ocrx_word' id='word_1_17' title='bbox 437 463 527 528; x_wconf 78' lang='lat' dir='ltr'>fecit?</span> <span class='ocrx_word' id='word_1_18' title='bbox 557 466 636 527; x_wconf 81' lang='lat' dir='ltr'>dedit</span> <span class='ocrx_word' id='word_1_19' title='bbox 656 466 828 545; x_wconf 84' lang='lat' dir='ltr'>gladiatores</span> <span class='ocrx_word' id='word_1_20' title='bbox 850 465 1046 530; x_wconf 81' lang='lat' dir='ltr'>sestertiarios</span> <span class='ocrx_word' id='word_1_21' title='bbox 1064 464 1122 527; x_wconf 89' lang='lat' dir='ltr'>iam</span> <span class='ocrx_word' id='word_1_22' title='bbox 1149 465 1293 546; x_wconf 85' lang='lat' dir='ltr'>decrepi-</span> 
     </span>
     <span class='ocr_line' id='line_1_4' title="bbox 172 549 1292 633; baseline -0.004 -17"><span class='ocrx_word' id='word_1_23' title='bbox 172 561 236 627; x_wconf 88' lang='lat' dir='ltr'>tos,</span> <span class='ocrx_word' id='word_1_24' title='bbox 259 571 334 633; x_wconf 87' lang='lat' dir='ltr'>quos</span> <span class='ocrx_word' id='word_1_25' title='bbox 355 552 381 614; x_wconf 89' lang='lat' dir='ltr'>si</span> <span class='ocrx_word' id='word_1_26' title='bbox 401 551 566 624; x_wconf 83' lang='lat' dir='ltr'>sufflasses,</span> <span class='ocrx_word' id='word_1_27' title='bbox 595 551 782 626; x_wconf 78' lang='lat' dir='ltr'>cecidissent3</span> <span class='ocrx_word' id='word_1_28' title='bbox 807 551 863 613; x_wconf 90' lang='lat' dir='ltr'>iam</span> <span class='ocrx_word' id='word_1_29' title='bbox 884 551 1021 612; x_wconf 86' lang='lat' dir='ltr'>meliores</span> <span class='ocrx_word' id='word_1_30' title='bbox 1041 549 1197 612; x_wconf 90' lang='lat' dir='ltr'>bestiarios</span> <span class='ocrx_word' id='word_1_31' title='bbox 1215 549 1292 611; x_wconf 84' lang='lat' dir='ltr'>vidi.</span> 
     </span>
     <span class='ocr_line' id='line_1_5' title="bbox 174 635 1293 718; baseline -0.003 -18"><span class='ocrx_word' id='word_1_32' title='bbox 174 637 282 701; x_wconf 89' lang='lat' dir='ltr'>occidit</span> <span class='ocrx_word' id='word_1_33' title='bbox 296 638 332 701; x_wconf 89' lang='lat' dir='ltr'>de</span> <span class='ocrx_word' id='word_1_34' title='bbox 342 637 460 699; x_wconf 88' lang='lat' dir='ltr'>lucerna</span> <span class='ocrx_word' id='word_1_35' title='bbox 475 637 596 718; x_wconf 68' lang='lat' dir='ltr'>equites</span> <span class='ocrx_word' id='word_1_36' title='bbox 611 645 730 717; x_wconf 87' lang='lat' dir='ltr'>putares</span> <span class='ocrx_word' id='word_1_37' title='bbox 746 655 798 698; x_wconf 86' lang='lat' dir='ltr'>cos</span> <span class='ocrx_word' id='word_1_38' title='bbox 814 638 905 717; x_wconf 90' lang='lat' dir='ltr'>gallos</span> <span class='ocrx_word' id='word_1_39' title='bbox 921 635 1108 716; x_wconf 78' lang='lat' dir='ltr'>gallinaceos3</span> <span class='ocrx_word' id='word_1_40' title='bbox 1124 635 1197 697; x_wconf 88' lang='lat' dir='ltr'>alter</span> <span class='ocrx_word' id='word_1_41' title='bbox 1211 635 1293 697; x_wconf 88' lang='lat' dir='ltr'>bur-</span> 
     </span>
     <span class='ocr_line' id='line_1_6' title="bbox 176 721 1293 804; baseline -0.004 -18"><span class='ocrx_word' id='word_1_42' title='bbox 176 723 404 802; x_wconf 49' lang='lat' dir='ltr'>dubasta,&#39;alter</span> <span class='ocrx_word' id='word_1_43' title='bbox 417 723 542 804; x_wconf 78' lang='lat' dir='ltr'>loripeS,</span> <span class='ocrx_word' id='word_1_44' title='bbox 558 723 705 784; x_wconf 87' lang='lat' dir='ltr'>tertiarius</span> <span class='ocrx_word' id='word_1_45' title='bbox 721 730 858 784; x_wconf 89' lang='lat' dir='ltr'>mortuus</span> <span class='ocrx_word' id='word_1_46' title='bbox 873 741 927 802; x_wconf 91' lang='lat' dir='ltr'>pro</span> <span class='ocrx_word' id='word_1_47' title='bbox 944 729 1079 795; x_wconf 88' lang='lat' dir='ltr'>mortuo,</span> <span class='ocrx_word' id='word_1_48' title='bbox 1095 721 1145 802; x_wconf 86' lang='lat' dir='ltr'>qui</span> <span class='ocrx_word' id='word_1_49' title='bbox 1160 721 1293 782; x_wconf 88' lang='lat' dir='ltr'>habebat</span> 
     </span>
     <span class='ocr_line' id='line_1_7' title="bbox 174 801 1290 890; baseline -0.003 -19"><span class='ocrx_word' id='word_1_50' title='bbox 174 809 274 872; x_wconf 85' lang='lat' dir='ltr'>nervia</span> <span class='ocrx_word' id='word_1_51' title='bbox 293 801 432 890; x_wconf 77' lang='lat' dir='ltr'>p&#39;racoisa.</span> <span class='ocrx_word' id='word_1_52' title='bbox 463 827 541 871; x_wconf 90' lang='lat' dir='ltr'>unus</span> <span class='ocrx_word' id='word_1_53' title='bbox 563 807 684 870; x_wconf 89' lang='lat' dir='ltr'>alieuius</span> <span class='ocrx_word' id='word_1_54' title='bbox 706 807 825 871; x_wconf 84' lang='lat' dir='ltr'>daturae</span> <span class='ocrx_word' id='word_1_55' title='bbox 844 808 900 870; x_wconf 86' lang='lat' dir='ltr'>luit</span> <span class='ocrx_word' id='word_1_56' title='bbox 914 809 1042 881; x_wconf 86' lang='lat' dir='ltr'>Thraex,</span> <span class='ocrx_word' id='word_1_57' title='bbox 1059 807 1109 887; x_wconf 89' lang='lat' dir='ltr'>qui</span> <span class='ocrx_word' id='word_1_58' title='bbox 1124 814 1153 868; x_wconf 91' lang='lat' dir='ltr'>et</span> <span class='ocrx_word' id='word_1_59' title='bbox 1167 807 1234 886; x_wconf 90' lang='lat' dir='ltr'>ipse</span> <span class='ocrx_word' id='word_1_60' title='bbox 1250 808 1290 868; x_wconf 90' lang='lat' dir='ltr'>ad</span> 
     </span>
     <span class='ocr_line' id='line_1_8' title="bbox 176 893 1291 976; baseline -0.004 -19"><span class='ocrx_word' id='word_1_61' title='bbox 176 894 280 958; x_wconf 88' lang='lat' dir='ltr'>dictata</span> <span class='ocrx_word' id='word_1_62' title='bbox 299 895 447 976; x_wconf 80' lang='lat' dir='ltr'>pugnavit.</span> <span class='ocrx_word' id='word_1_63' title='bbox 477 894 512 957; x_wconf 89' lang='lat' dir='ltr'>ad</span> <span class='ocrx_word' id='word_1_64' title='bbox 532 912 694 969; x_wconf 87' lang='lat' dir='ltr'>summam,</span> <span class='ocrx_word' id='word_1_65' title='bbox 715 911 819 956; x_wconf 89' lang='lat' dir='ltr'>omnes</span> <span class='ocrx_word' id='word_1_66' title='bbox 839 900 942 974; x_wconf 92' lang='lat' dir='ltr'>postea</span> <span class='ocrx_word' id='word_1_67' title='bbox 963 893 1033 955; x_wconf 87' lang='lat' dir='ltr'>scoti</span> <span class='ocrx_word' id='word_1_68' title='bbox 1054 900 1137 966; x_wconf 79' lang='lat' dir='ltr'>sunt3</span> <span class='ocrx_word' id='word_1_69' title='bbox 1157 893 1231 954; x_wconf 92' lang='lat' dir='ltr'>adeo</span> <span class='ocrx_word' id='word_1_70' title='bbox 1252 893 1291 953; x_wconf 88' lang='lat' dir='ltr'>de</span> 
     </span>
     <span class='ocr_line' id='line_1_9' title="bbox 174 967 1290 1062; baseline -0.004 -20"><span class='ocrx_word' id='word_1_71' title='bbox 174 999 279 1062; x_wconf 88' lang='lat' dir='ltr'>magna</span> <span class='ocrx_word' id='word_1_72' title='bbox 293 981 379 1042; x_wconf 91' lang='lat' dir='ltr'>turba</span> <span class='ocrx_word' id='word_1_73' title='bbox 390 969 562 1042; x_wconf 83' lang='lat' dir='ltr'>“adhibete&#39;&#39;</span> <span class='ocrx_word' id='word_1_74' title='bbox 574 986 755 1060; x_wconf 82' lang='lat' dir='ltr'>acceperant,</span> <span class='ocrx_word' id='word_1_75' title='bbox 771 979 855 1060; x_wconf 88' lang='lat' dir='ltr'>plane</span> <span class='ocrx_word' id='word_1_76' title='bbox 865 980 950 1058; x_wconf 83' lang='lat' dir='ltr'>fugae</span> <span class='ocrx_word' id='word_1_77' title='bbox 961 997 1068 1040; x_wconf 85' lang='lat' dir='ltr'>merae.</span> <span class='ocrx_word' id='word_1_78' title='bbox 1088 967 1226 1040; x_wconf 83' lang='lat' dir='ltr'>“munus</span> <span class='ocrx_word' id='word_1_79' title='bbox 1239 985 1290 1038; x_wconf 88' lang='lat' dir='ltr'>ta-</span> 
     </span>
     <span class='ocr_line' id='line_1_10' title="bbox 174 1056 1287 1148; baseline -0.004 -21"><span class='ocrx_word' id='word_1_80' title='bbox 174 1057 263 1128; x_wconf 79' lang='lat' dir='ltr'>mcn’³</span> <span class='ocrx_word' id='word_1_81' title='bbox 278 1065 371 1148; x_wconf 90' lang='lat' dir='ltr'>inquit</span> <span class='ocrx_word' id='word_1_82' title='bbox 382 1056 459 1126; x_wconf 85' lang='lat' dir='ltr'>“tibi</span> <span class='ocrx_word' id='word_1_83' title='bbox 475 1056 572 1138; x_wconf 85' lang='lat' dir='ltr'>dedi&#39;&#39;,</span> <span class='ocrx_word' id='word_1_84' title='bbox 588 1072 617 1126; x_wconf 90' lang='lat' dir='ltr'>et</span> <span class='ocrx_word' id='word_1_85' title='bbox 631 1084 684 1145; x_wconf 92' lang='lat' dir='ltr'>ego</span> <span class='ocrx_word' id='word_1_86' title='bbox 700 1065 754 1126; x_wconf 90' lang='lat' dir='ltr'>tibi</span> <span class='ocrx_word' id='word_1_87' title='bbox 769 1065 868 1144; x_wconf 92' lang='lat' dir='ltr'>plodo.</span> <span class='ocrx_word' id='word_1_88' title='bbox 899 1071 1046 1143; x_wconf 90' lang='lat' dir='ltr'>computa,</span> <span class='ocrx_word' id='word_1_89' title='bbox 1063 1070 1091 1125; x_wconf 89' lang='lat' dir='ltr'>et</span> <span class='ocrx_word' id='word_1_90' title='bbox 1101 1062 1153 1126; x_wconf 90' lang='lat' dir='ltr'>tibi</span> <span class='ocrx_word' id='word_1_91' title='bbox 1164 1064 1233 1144; x_wconf 89' lang='lat' dir='ltr'>plus</span> <span class='ocrx_word' id='word_1_92' title='bbox 1248 1063 1287 1124; x_wconf 94' lang='lat' dir='ltr'>do</span> 
     </span>
    </p>

    <p class='ocr_par' dir='ltr' id='par_1_3' title="bbox 119 1149 1288 1257">
     <span class='ocr_line' id='line_1_11' title="bbox 119 1149 1288 1257; baseline -0.002 -46"><span class='ocrx_word' id='word_1_93' title='bbox 119 1149 160 1212; x_wconf 84' lang='grc'>46</span> <span class='ocrx_word' id='word_1_94' title='bbox 170 1171 262 1257; x_wconf 60' lang='lat' dir='ltr'>guam</span> <span class='ocrx_word' id='word_1_95' title='bbox 274 1153 381 1232; x_wconf 88' lang='lat' dir='ltr'>accepi.</span> <span class='ocrx_word' id='word_1_96' title='bbox 394 1167 500 1212; x_wconf 91' lang='lat' dir='ltr'>manus</span> <span class='ocrx_word' id='word_1_97' title='bbox 513 1167 632 1212; x_wconf 92' lang='lat' dir='ltr'>manum</span> <span class='ocrx_word' id='word_1_98' title='bbox 643 1151 725 1212; x_wconf 90' lang='lat' dir='ltr'>lavat.</span> <span class='ocrx_word' id='word_1_99' title='bbox 742 1149 847 1212; x_wconf 87' lang='lat' dir='ltr'>videris</span> <span class='ocrx_word' id='word_1_100' title='bbox 859 1149 940 1224; x_wconf 94' lang='lat' dir='ltr'>mihi,</span> <span class='ocrx_word' id='word_1_101' title='bbox 952 1151 1161 1229; x_wconf 83' lang='lat' dir='ltr'>Agamemnon,</span> <span class='ocrx_word' id='word_1_102' title='bbox 1173 1149 1288 1210; x_wconf 88' lang='lat' dir='ltr'>dicere:</span> 
     </span>
    </p>

    <p class='ocr_par' dir='ltr' id='par_1_4' title="bbox 172 1227 1318 3451">
     <span class='ocr_line' id='line_1_12' title="bbox 195 1227 1287 1318; baseline -0.005 -19"><span class='ocrx_word' id='word_1_103' title='bbox 195 1237 265 1318; x_wconf 84' lang='lat' dir='ltr'>quid</span> <span class='ocrx_word' id='word_1_104' title='bbox 280 1237 336 1300; x_wconf 89' lang='lat' dir='ltr'>iste</span> <span class='ocrx_word' id='word_1_105' title='bbox 351 1242 465 1316; x_wconf 89' lang='lat' dir='ltr'>argutat</span> <span class='ocrx_word' id='word_1_106' title='bbox 474 1227 660 1300; x_wconf 78' lang='lat' dir='ltr'>molestus?”</span> <span class='ocrx_word' id='word_1_107' title='bbox 685 1235 752 1316; x_wconf 88' lang='lat' dir='ltr'>quia</span> <span class='ocrx_word' id='word_1_108' title='bbox 763 1242 805 1310; x_wconf 91' lang='lat' dir='ltr'>tu,</span> <span class='ocrx_word' id='word_1_109' title='bbox 822 1236 871 1316; x_wconf 89' lang='lat' dir='ltr'>qui</span> <span class='ocrx_word' id='word_1_110' title='bbox 883 1243 968 1316; x_wconf 88' lang='lat' dir='ltr'>potes</span> <span class='ocrx_word' id='word_1_111' title='bbox 979 1235 1070 1315; x_wconf 91' lang='lat' dir='ltr'>loqui,</span> <span class='ocrx_word' id='word_1_112' title='bbox 1081 1253 1143 1297; x_wconf 94' lang='lat' dir='ltr'>non</span> <span class='ocrx_word' id='word_1_113' title='bbox 1154 1235 1287 1314; x_wconf 85' lang='lat' dir='ltr'>loquere.</span> 
     </span>
     <span class='ocr_line' id='line_1_13' title="bbox 174 1320 1286 1402; baseline -0.003 -17"><span class='ocrx_word' id='word_1_114' title='bbox 174 1341 236 1385; x_wconf 94' lang='lat' dir='ltr'>non</span> <span class='ocrx_word' id='word_1_115' title='bbox 258 1341 290 1384; x_wconf 93' lang='lat' dir='ltr'>es</span> <span class='ocrx_word' id='word_1_116' title='bbox 310 1329 429 1385; x_wconf 86' lang='lat' dir='ltr'>nostrae</span> <span class='ocrx_word' id='word_1_117' title='bbox 442 1321 561 1396; x_wconf 88' lang='lat' dir='ltr'>fasciae,</span> <span class='ocrx_word' id='word_1_118' title='bbox 577 1328 606 1382; x_wconf 87' lang='lat' dir='ltr'>ct</span> <span class='ocrx_word' id='word_1_119' title='bbox 621 1321 686 1383; x_wconf 92' lang='lat' dir='ltr'>ideo</span> <span class='ocrx_word' id='word_1_120' title='bbox 702 1339 900 1402; x_wconf 90' lang='lat' dir='ltr'>pauperorum</span> <span class='ocrx_word' id='word_1_121' title='bbox 916 1321 1003 1382; x_wconf 89' lang='lat' dir='ltr'>verba</span> <span class='ocrx_word' id='word_1_122' title='bbox 1019 1320 1141 1382; x_wconf 89' lang='lat' dir='ltr'>derides.</span> <span class='ocrx_word' id='word_1_123' title='bbox 1172 1322 1286 1382; x_wconf 88' lang='lat' dir='ltr'>scimus</span> 
     </span>
     <span class='ocr_line' id='line_1_14' title="bbox 174 1405 1287 1488; baseline -0.002 -18"><span class='ocrx_word' id='word_1_124' title='bbox 174 1415 203 1470; x_wconf 90' lang='lat' dir='ltr'>te</span> <span class='ocrx_word' id='word_1_125' title='bbox 222 1426 293 1488; x_wconf 86' lang='lat' dir='ltr'>prae</span> <span class='ocrx_word' id='word_1_126' title='bbox 310 1408 420 1470; x_wconf 86' lang='lat' dir='ltr'>litteras</span> <span class='ocrx_word' id='word_1_127' title='bbox 440 1408 553 1469; x_wconf 86' lang='lat' dir='ltr'>fatuum</span> <span class='ocrx_word' id='word_1_128' title='bbox 575 1426 649 1470; x_wconf 89' lang='lat' dir='ltr'>esse.</span> <span class='ocrx_word' id='word_1_129' title='bbox 681 1407 750 1487; x_wconf 89' lang='lat' dir='ltr'>quid</span> <span class='ocrx_word' id='word_1_130' title='bbox 764 1426 834 1486; x_wconf 88' lang='lat' dir='ltr'>crgo</span> <span class='ocrx_word' id='word_1_131' title='bbox 851 1405 918 1469; x_wconf 79' lang='lat' dir='ltr'>est?</span> <span class='ocrx_word' id='word_1_132' title='bbox 948 1406 1041 1486; x_wconf 88' lang='lat' dir='ltr'>aliqua</span> <span class='ocrx_word' id='word_1_133' title='bbox 1057 1406 1102 1468; x_wconf 92' lang='lat' dir='ltr'>die</span> <span class='ocrx_word' id='word_1_134' title='bbox 1116 1413 1145 1468; x_wconf 89' lang='lat' dir='ltr'>te</span> <span class='ocrx_word' id='word_1_135' title='bbox 1160 1425 1287 1486; x_wconf 90' lang='lat' dir='ltr'>persua-</span> 
     </span>
     <span class='ocr_line' id='line_1_15' title="bbox 176 1490 1287 1555; baseline 0.001 -1"><span class='ocrx_word' id='word_1_136' title='bbox 176 1493 259 1555; x_wconf 91' lang='lat' dir='ltr'>dcam</span> <span class='ocrx_word' id='word_1_137' title='bbox 281 1500 314 1555; x_wconf 90' lang='lat' dir='ltr'>ut</span> <span class='ocrx_word' id='word_1_138' title='bbox 336 1494 372 1554; x_wconf 91' lang='lat' dir='ltr'>ad</span> <span class='ocrx_word' id='word_1_139' title='bbox 394 1492 488 1554; x_wconf 89' lang='lat' dir='ltr'>villam</span> <span class='ocrx_word' id='word_1_140' title='bbox 510 1493 607 1554; x_wconf 86' lang='lat' dir='ltr'>venias</span> <span class='ocrx_word' id='word_1_141' title='bbox 630 1499 658 1554; x_wconf 89' lang='lat' dir='ltr'>et</span> <span class='ocrx_word' id='word_1_142' title='bbox 679 1492 776 1554; x_wconf 80' lang='lat' dir='ltr'>videas</span> <span class='ocrx_word' id='word_1_143' title='bbox 800 1493 913 1554; x_wconf 88' lang='lat' dir='ltr'>casulas</span> <span class='ocrx_word' id='word_1_144' title='bbox 936 1490 1076 1554; x_wconf 76' lang='lat' dir='ltr'>nostras?</span> <span class='ocrx_word' id='word_1_145' title='bbox 1096 1492 1287 1555; x_wconf 86' lang='lat' dir='ltr'>inveniemus</span> 
     </span>
     <span class='ocr_line' id='line_1_16' title="bbox 176 1577 1286 1658; baseline -0.001 -18"><span class='ocrx_word' id='word_1_146' title='bbox 176 1579 255 1658; x_wconf 89' lang='lat' dir='ltr'>quod</span> <span class='ocrx_word' id='word_1_147' title='bbox 271 1580 491 1653; x_wconf 89' lang='lat' dir='ltr'>manducemus,</span> <span class='ocrx_word' id='word_1_148' title='bbox 505 1577 629 1658; x_wconf 91' lang='lat' dir='ltr'>pullum,</span> <span class='ocrx_word' id='word_1_149' title='bbox 645 1595 711 1640; x_wconf 89' lang='lat' dir='ltr'>ova:</span> <span class='ocrx_word' id='word_1_150' title='bbox 726 1577 799 1639; x_wconf 85' lang='lat' dir='ltr'>bede</span> <span class='ocrx_word' id='word_1_151' title='bbox 811 1579 873 1653; x_wconf 88' lang='lat' dir='ltr'>erit,</span> <span class='ocrx_word' id='word_1_152' title='bbox 889 1579 975 1642; x_wconf 90' lang='lat' dir='ltr'>etiam</span> <span class='ocrx_word' id='word_1_153' title='bbox 988 1579 1013 1640; x_wconf 91' lang='lat' dir='ltr'>si</span> <span class='ocrx_word' id='word_1_154' title='bbox 1026 1577 1126 1640; x_wconf 92' lang='lat' dir='ltr'>omnia</span> <span class='ocrx_word' id='word_1_155' title='bbox 1136 1579 1196 1640; x_wconf 88' lang='lat' dir='ltr'>hoc</span> <span class='ocrx_word' id='word_1_156' title='bbox 1207 1597 1286 1640; x_wconf 91' lang='lat' dir='ltr'>anno</span> 
     </span>
     <span class='ocr_line' id='line_1_17' title="bbox 172 1662 1287 1744; baseline 0.003 -19"><span class='ocrx_word' id='word_1_157' title='bbox 172 1669 335 1744; x_wconf 89' lang='lat' dir='ltr'>tempestas</span> <span class='ocrx_word' id='word_1_158' title='bbox 365 1663 483 1743; x_wconf 91' lang='lat' dir='ltr'>dispare</span> <span class='ocrx_word' id='word_1_159' title='bbox 503 1662 633 1743; x_wconf 89' lang='lat' dir='ltr'>pullavit:</span> <span class='ocrx_word' id='word_1_160' title='bbox 654 1663 837 1725; x_wconf 87' lang='lat' dir='ltr'>inveniemus</span> <span class='ocrx_word' id='word_1_161' title='bbox 858 1683 927 1744; x_wconf 89' lang='lat' dir='ltr'>ergo</span> <span class='ocrx_word' id='word_1_162' title='bbox 954 1664 1032 1726; x_wconf 89' lang='lat' dir='ltr'>unde</span> <span class='ocrx_word' id='word_1_163' title='bbox 1058 1664 1150 1725; x_wconf 90' lang='lat' dir='ltr'>saturi</span> <span class='ocrx_word' id='word_1_164' title='bbox 1169 1665 1287 1729; x_wconf 80' lang='lat' dir='ltr'>fiamus</span> 
     </span>
     <span class='ocr_line' id='line_1_18' title="bbox 175 1747 1318 1830; baseline 0.001 -20"><span class='ocrx_word' id='word_1_165' title='bbox 175 1749 261 1811; x_wconf 87' lang='lat' dir='ltr'>etiam</span> <span class='ocrx_word' id='word_1_166' title='bbox 277 1748 329 1810; x_wconf 89' lang='lat' dir='ltr'>tibi</span> <span class='ocrx_word' id='word_1_167' title='bbox 344 1748 505 1828; x_wconf 90' lang='lat' dir='ltr'>discipulus</span> <span class='ocrx_word' id='word_1_168' title='bbox 521 1747 625 1810; x_wconf 87' lang='lat' dir='ltr'>crescit</span> <span class='ocrx_word' id='word_1_169' title='bbox 641 1748 734 1810; x_wconf 91' lang='lat' dir='ltr'>cicaro</span> <span class='ocrx_word' id='word_1_170' title='bbox 748 1767 841 1812; x_wconf 88' lang='lat' dir='ltr'>meus.</span> <span class='ocrx_word' id='word_1_171' title='bbox 870 1749 928 1811; x_wconf 90' lang='lat' dir='ltr'>iam</span> <span class='ocrx_word' id='word_1_172' title='bbox 940 1756 1077 1829; x_wconf 88' lang='lat' dir='ltr'>quattuor</span> <span class='ocrx_word' id='word_1_173' title='bbox 1091 1749 1183 1830; x_wconf 89' lang='lat' dir='ltr'>partis</span> <span class='ocrx_word' id='word_1_174' title='bbox 1201 1749 1286 1825; x_wconf 83' lang='lat' dir='ltr'>dicit3</span> <span class='ocrx_word' id='word_1_175' title='bbox 1314 1816 1318 1822; x_wconf 62' lang='grc'><strong><em>,</em></strong></span> 
     </span>
     <span class='ocr_line' id='line_1_19' title="bbox 175 1833 1287 1916; baseline 0.002 -20"><span class='ocrx_word' id='word_1_176' title='bbox 175 1834 201 1896; x_wconf 91' lang='lat' dir='ltr'>si</span> <span class='ocrx_word' id='word_1_177' title='bbox 215 1833 325 1908; x_wconf 83' lang='lat' dir='ltr'>vixerit,</span> <span class='ocrx_word' id='word_1_178' title='bbox 341 1834 463 1897; x_wconf 87' lang='lat' dir='ltr'>habebis</span> <span class='ocrx_word' id='word_1_179' title='bbox 478 1833 515 1897; x_wconf 92' lang='lat' dir='ltr'>ad</span> <span class='ocrx_word' id='word_1_180' title='bbox 529 1835 605 1896; x_wconf 91' lang='lat' dir='ltr'>latus</span> <span class='ocrx_word' id='word_1_181' title='bbox 622 1833 780 1896; x_wconf 84' lang='lat' dir='ltr'>servulum.</span> <span class='ocrx_word' id='word_1_182' title='bbox 803 1853 871 1896; x_wconf 88' lang='lat' dir='ltr'>nam</span> <span class='ocrx_word' id='word_1_183' title='bbox 888 1835 1025 1916; x_wconf 89' lang='lat' dir='ltr'>quicquid</span> <span class='ocrx_word' id='word_1_184' title='bbox 1038 1835 1077 1896; x_wconf 91' lang='lat' dir='ltr'>illi</span> <span class='ocrx_word' id='word_1_185' title='bbox 1089 1842 1179 1908; x_wconf 90' lang='lat' dir='ltr'>vacat,</span> <span class='ocrx_word' id='word_1_186' title='bbox 1198 1843 1287 1916; x_wconf 88' lang='lat' dir='ltr'>caput</span> 
     </span>
     <span class='ocr_line' id='line_1_20' title="bbox 175 1919 1285 2000; baseline 0.001 -18"><span class='ocrx_word' id='word_1_187' title='bbox 175 1919 210 1982; x_wconf 90' lang='lat' dir='ltr'>dc</span> <span class='ocrx_word' id='word_1_188' title='bbox 231 1919 328 1982; x_wconf 78' lang='lat' dir='ltr'>tabula</span> <span class='ocrx_word' id='word_1_189' title='bbox 342 1938 405 1984; x_wconf 88' lang='lat' dir='ltr'>uon</span> <span class='ocrx_word' id='word_1_190' title='bbox 420 1919 504 1982; x_wconf 90' lang='lat' dir='ltr'>tollit.</span> <span class='ocrx_word' id='word_1_191' title='bbox 534 1919 705 2000; x_wconf 88' lang='lat' dir='ltr'>ingeniosus</span> <span class='ocrx_word' id='word_1_192' title='bbox 727 1926 772 1982; x_wconf 89' lang='lat' dir='ltr'>est</span> <span class='ocrx_word' id='word_1_193' title='bbox 791 1927 819 1982; x_wconf 93' lang='lat' dir='ltr'>ct</span> <span class='ocrx_word' id='word_1_194' title='bbox 837 1921 916 1982; x_wconf 94' lang='lat' dir='ltr'>bono</span> <span class='ocrx_word' id='word_1_195' title='bbox 937 1921 999 1996; x_wconf 89' lang='lat' dir='ltr'>filo,</span> <span class='ocrx_word' id='word_1_196' title='bbox 1020 1921 1107 1982; x_wconf 91' lang='lat' dir='ltr'>etiam</span> <span class='ocrx_word' id='word_1_197' title='bbox 1127 1920 1153 1980; x_wconf 89' lang='lat' dir='ltr'>si</span> <span class='ocrx_word' id='word_1_198' title='bbox 1171 1921 1202 1982; x_wconf 93' lang='lat' dir='ltr'>in</span> <span class='ocrx_word' id='word_1_199' title='bbox 1217 1941 1285 1983; x_wconf 79' lang='lat' dir='ltr'>avos</span> 
     </span>
     <span class='ocr_line' id='line_1_21' title="bbox 175 2005 1285 2085; baseline 0.003 -18"><span class='ocrx_word' id='word_1_200' title='bbox 175 2005 334 2070; x_wconf 87' lang='lat' dir='ltr'>morbosus</span> <span class='ocrx_word' id='word_1_201' title='bbox 355 2013 409 2068; x_wconf 89' lang='lat' dir='ltr'>cst.</span> <span class='ocrx_word' id='word_1_202' title='bbox 440 2024 493 2084; x_wconf 87' lang='lat' dir='ltr'>ego</span> <span class='ocrx_word' id='word_1_203' title='bbox 512 2005 552 2066; x_wconf 93' lang='lat' dir='ltr'>illi</span> <span class='ocrx_word' id='word_1_204' title='bbox 573 2005 630 2067; x_wconf 89' lang='lat' dir='ltr'>iam</span> <span class='ocrx_word' id='word_1_205' title='bbox 651 2012 712 2068; x_wconf 88' lang='lat' dir='ltr'>tres</span> <span class='ocrx_word' id='word_1_206' title='bbox 734 2006 862 2068; x_wconf 87' lang='lat' dir='ltr'>cardeles</span> <span class='ocrx_word' id='word_1_207' title='bbox 882 2005 974 2068; x_wconf 89' lang='lat' dir='ltr'>occidi</span> <span class='ocrx_word' id='word_1_208' title='bbox 994 2013 1023 2068; x_wconf 86' lang='lat' dir='ltr'>et</span> <span class='ocrx_word' id='word_1_209' title='bbox 1042 2005 1100 2068; x_wconf 84' lang='lat' dir='ltr'>diri</span> <span class='ocrx_word' id='word_1_210' title='bbox 1120 2007 1200 2085; x_wconf 88' lang='lat' dir='ltr'>quod</span> <span class='ocrx_word' id='word_1_211' title='bbox 1215 2025 1285 2070; x_wconf 90' lang='lat' dir='ltr'>mu·</span> 
     </span>
     <span class='ocr_line' id='line_1_22' title="bbox 175 2089 1286 2172; baseline 0.002 -20"><span class='ocrx_word' id='word_1_212' title='bbox 175 2091 255 2154; x_wconf 88' lang='lat' dir='ltr'>stella</span> <span class='ocrx_word' id='word_1_213' title='bbox 271 2092 406 2154; x_wconf 87' lang='lat' dir='ltr'>comedit.</span> <span class='ocrx_word' id='word_1_214' title='bbox 435 2091 545 2152; x_wconf 89' lang='lat' dir='ltr'>invenit</span> <span class='ocrx_word' id='word_1_215' title='bbox 564 2098 663 2153; x_wconf 88' lang='lat' dir='ltr'>tamen</span> <span class='ocrx_word' id='word_1_216' title='bbox 682 2092 751 2154; x_wconf 91' lang='lat' dir='ltr'>alias</span> <span class='ocrx_word' id='word_1_217' title='bbox 771 2092 903 2165; x_wconf 89' lang='lat' dir='ltr'>naenias,</span> <span class='ocrx_word' id='word_1_218' title='bbox 925 2098 954 2152; x_wconf 90' lang='lat' dir='ltr'>et</span> <span class='ocrx_word' id='word_1_219' title='bbox 972 2091 1166 2153; x_wconf 87' lang='lat' dir='ltr'>libentissime</span> <span class='ocrx_word' id='word_1_220' title='bbox 1180 2089 1286 2172; x_wconf 70' lang='lat' dir='ltr'>pingst.</span> 
     </span>
     <span class='ocr_line' id='line_1_23' title="bbox 175 2174 1288 2259; baseline 0.002 -20"><span class='ocrx_word' id='word_1_221' title='bbox 175 2183 304 2239; x_wconf 87' lang='lat' dir='ltr'>ceterum</span> <span class='ocrx_word' id='word_1_222' title='bbox 324 2177 381 2239; x_wconf 90' lang='lat' dir='ltr'>iam</span> <span class='ocrx_word' id='word_1_223' title='bbox 398 2176 546 2238; x_wconf 84' lang='lat' dir='ltr'>Graeculis</span> <span class='ocrx_word' id='word_1_224' title='bbox 566 2178 674 2239; x_wconf 89' lang='lat' dir='ltr'>calcem</span> <span class='ocrx_word' id='word_1_225' title='bbox 693 2174 829 2259; x_wconf 83' lang='lat' dir='ltr'>impingit</span> <span class='ocrx_word' id='word_1_226' title='bbox 847 2185 875 2239; x_wconf 90' lang='lat' dir='ltr'>et</span> <span class='ocrx_word' id='word_1_227' title='bbox 888 2177 1005 2239; x_wconf 88' lang='lat' dir='ltr'>Latinas</span> <span class='ocrx_word' id='word_1_228' title='bbox 1021 2177 1119 2256; x_wconf 87' lang='lat' dir='ltr'>coepit</span> <span class='ocrx_word' id='word_1_229' title='bbox 1132 2195 1195 2238; x_wconf 93' lang='lat' dir='ltr'>non</span> <span class='ocrx_word' id='word_1_230' title='bbox 1211 2180 1288 2241; x_wconf 85' lang='lat' dir='ltr'>male</span> 
     </span>
     <span class='ocr_line' id='line_1_24' title="bbox 176 2263 1287 2343; baseline 0.002 -19"><span class='ocrx_word' id='word_1_231' title='bbox 176 2269 322 2343; x_wconf 88' lang='lat' dir='ltr'>appetere,</span> <span class='ocrx_word' id='word_1_232' title='bbox 339 2263 424 2326; x_wconf 88' lang='lat' dir='ltr'>etiam</span> <span class='ocrx_word' id='word_1_233' title='bbox 441 2263 466 2324; x_wconf 90' lang='lat' dir='ltr'>si</span> <span class='ocrx_word' id='word_1_234' title='bbox 482 2263 621 2343; x_wconf 88' lang='lat' dir='ltr'>magister</span> <span class='ocrx_word' id='word_1_235' title='bbox 635 2263 698 2325; x_wconf 89' lang='lat' dir='ltr'>eius</span> <span class='ocrx_word' id='word_1_236' title='bbox 714 2263 769 2324; x_wconf 89' lang='lat' dir='ltr'>sibi</span> <span class='ocrx_word' id='word_1_237' title='bbox 783 2264 901 2343; x_wconf 88' lang='lat' dir='ltr'>placens</span> <span class='ocrx_word' id='word_1_238' title='bbox 917 2263 963 2324; x_wconf 89' lang='lat' dir='ltr'>sit.</span> <span class='ocrx_word' id='word_1_239' title='bbox 993 2280 1048 2324; x_wconf 91' lang='lat' dir='ltr'>nec</span> <span class='ocrx_word' id='word_1_240' title='bbox 1058 2281 1118 2324; x_wconf 93' lang='lat' dir='ltr'>uno</span> <span class='ocrx_word' id='word_1_241' title='bbox 1130 2264 1197 2326; x_wconf 93' lang='lat' dir='ltr'>loco</span> <span class='ocrx_word' id='word_1_242' title='bbox 1210 2283 1287 2326; x_wconf 94' lang='lat' dir='ltr'>con-</span> 
     </span>
     <span class='ocr_line' id='line_1_25' title="bbox 175 2347 1287 2423; baseline 0.003 -14"><span class='ocrx_word' id='word_1_243' title='bbox 175 2347 265 2421; x_wconf 87' lang='lat' dir='ltr'>sistit,</span> <span class='ocrx_word' id='word_1_244' title='bbox 287 2349 340 2410; x_wconf 89' lang='lat' dir='ltr'>sed</span> <span class='ocrx_word' id='word_1_245' title='bbox 361 2348 453 2423; x_wconf 89' lang='lat' dir='ltr'>vonit,</span> <span class='ocrx_word' id='word_1_246' title='bbox 474 2349 540 2409; x_wconf 92' lang='lat' dir='ltr'>dem</span> <span class='ocrx_word' id='word_1_247' title='bbox 560 2349 684 2422; x_wconf 86' lang='lat' dir='ltr'>litteras,</span> <span class='ocrx_word' id='word_1_248' title='bbox 705 2349 757 2410; x_wconf 90' lang='lat' dir='ltr'>sed</span> <span class='ocrx_word' id='word_1_249' title='bbox 776 2367 838 2411; x_wconf 91' lang='lat' dir='ltr'>non</span> <span class='ocrx_word' id='word_1_250' title='bbox 858 2349 917 2411; x_wconf 88' lang='lat' dir='ltr'>volt</span> <span class='ocrx_word' id='word_1_251' title='bbox 938 2348 1079 2409; x_wconf 89' lang='lat' dir='ltr'>laborare.</span> <span class='ocrx_word' id='word_1_252' title='bbox 1110 2357 1155 2412; x_wconf 88' lang='lat' dir='ltr'>cst</span> <span class='ocrx_word' id='word_1_253' title='bbox 1170 2357 1200 2412; x_wconf 90' lang='lat' dir='ltr'>et</span> <span class='ocrx_word' id='word_1_254' title='bbox 1214 2349 1287 2412; x_wconf 87' lang='lat' dir='ltr'>altor</span> 
     </span>
     <span class='ocr_line' id='line_1_26' title="bbox 175 2433 1286 2516; baseline 0.004 -22"><span class='ocrx_word' id='word_1_255' title='bbox 175 2451 236 2494; x_wconf 90' lang='lat' dir='ltr'>non</span> <span class='ocrx_word' id='word_1_256' title='bbox 253 2433 371 2512; x_wconf 84' lang='lat' dir='ltr'>quidem</span> <span class='ocrx_word' id='word_1_257' title='bbox 387 2434 501 2506; x_wconf 82' lang='lat' dir='ltr'>doctus,</span> <span class='ocrx_word' id='word_1_258' title='bbox 515 2433 566 2494; x_wconf 89' lang='lat' dir='ltr'>scd</span> <span class='ocrx_word' id='word_1_259' title='bbox 584 2433 729 2508; x_wconf 83' lang='lat' dir='ltr'>curiosus,</span> <span class='ocrx_word' id='word_1_260' title='bbox 745 2435 794 2513; x_wconf 88' lang='lat' dir='ltr'>qui</span> <span class='ocrx_word' id='word_1_261' title='bbox 811 2434 877 2513; x_wconf 90' lang='lat' dir='ltr'>plus</span> <span class='ocrx_word' id='word_1_262' title='bbox 890 2434 974 2495; x_wconf 91' lang='lat' dir='ltr'>docet</span> <span class='ocrx_word' id='word_1_263' title='bbox 989 2452 1075 2514; x_wconf 87' lang='lat' dir='ltr'>quam</span> <span class='ocrx_word' id='word_1_264' title='bbox 1092 2435 1156 2514; x_wconf 67' lang='lat' dir='ltr'>scit,</span> <span class='ocrx_word' id='word_1_265' title='bbox 1187 2435 1286 2516; x_wconf 88' lang='lat' dir='ltr'>itaque</span> 
     </span>
     <span class='ocr_line' id='line_1_27' title="bbox 174 2517 1284 2598; baseline 0.005 -19"><span class='ocrx_word' id='word_1_266' title='bbox 174 2517 284 2580; x_wconf 79' lang='lat' dir='ltr'>feriatis</span> <span class='ocrx_word' id='word_1_267' title='bbox 299 2518 403 2580; x_wconf 89' lang='lat' dir='ltr'>diebus</span> <span class='ocrx_word' id='word_1_268' title='bbox 420 2519 494 2579; x_wconf 90' lang='lat' dir='ltr'>solet</span> <span class='ocrx_word' id='word_1_269' title='bbox 509 2519 630 2581; x_wconf 92' lang='lat' dir='ltr'>domum</span> <span class='ocrx_word' id='word_1_270' title='bbox 646 2517 760 2592; x_wconf 87' lang='lat' dir='ltr'>venire,</span> <span class='ocrx_word' id='word_1_271' title='bbox 783 2525 811 2579; x_wconf 89' lang='lat' dir='ltr'>et</span> <span class='ocrx_word' id='word_1_272' title='bbox 826 2519 962 2598; x_wconf 87' lang='lat' dir='ltr'>quicquid</span> <span class='ocrx_word' id='word_1_273' title='bbox 977 2519 1107 2596; x_wconf 83' lang='lat' dir='ltr'>dederis,</span> <span class='ocrx_word' id='word_1_274' title='bbox 1128 2527 1284 2585; x_wconf 89' lang='lat' dir='ltr'>contentus</span> 
     </span>
     <span class='ocr_line' id='line_1_28' title="bbox 177 2603 1281 2684; baseline 0.004 -20"><span class='ocrx_word' id='word_1_275' title='bbox 177 2610 231 2665; x_wconf 86' lang='lat' dir='ltr'>est</span> <span class='ocrx_word' id='word_1_276' title='bbox 262 2603 318 2665; x_wconf 90' lang='lat' dir='ltr'>emi</span> <span class='ocrx_word' id='word_1_277' title='bbox 334 2623 402 2684; x_wconf 91' lang='lat' dir='ltr'>ergo</span> <span class='ocrx_word' id='word_1_278' title='bbox 418 2621 498 2665; x_wconf 88' lang='lat' dir='ltr'>nnnc</span> <span class='ocrx_word' id='word_1_279' title='bbox 512 2622 604 2683; x_wconf 93' lang='lat' dir='ltr'>puero</span> <span class='ocrx_word' id='word_1_280' title='bbox 621 2604 731 2683; x_wconf 87' lang='lat' dir='ltr'>aliquot</span> <span class='ocrx_word' id='word_1_281' title='bbox 745 2603 817 2666; x_wconf 88' lang='lat' dir='ltr'>libra</span> <span class='ocrx_word' id='word_1_282' title='bbox 832 2604 984 2678; x_wconf 90' lang='lat' dir='ltr'>rubricata,</span> <span class='ocrx_word' id='word_1_283' title='bbox 1000 2605 1065 2684; x_wconf 87' lang='lat' dir='ltr'>quia</span> <span class='ocrx_word' id='word_1_284' title='bbox 1078 2606 1143 2666; x_wconf 93' lang='lat' dir='ltr'>volo</span> <span class='ocrx_word' id='word_1_285' title='bbox 1155 2606 1237 2668; x_wconf 95' lang='lat' dir='ltr'>illum</span> <span class='ocrx_word' id='word_1_286' title='bbox 1249 2608 1281 2668; x_wconf 93' lang='lat' dir='ltr'>ad</span> 
     </span>
     <span class='ocr_line' id='line_1_29' title="bbox 176 2687 1284 2771; baseline 0.004 -21"><span class='ocrx_word' id='word_1_287' title='bbox 176 2689 385 2750; x_wconf 86' lang='lat' dir='ltr'>domusionem</span> <span class='ocrx_word' id='word_1_288' title='bbox 405 2687 512 2767; x_wconf 87' lang='lat' dir='ltr'>aliquid</span> <span class='ocrx_word' id='word_1_289' title='bbox 535 2689 570 2749; x_wconf 93' lang='lat' dir='ltr'>de</span> <span class='ocrx_word' id='word_1_290' title='bbox 586 2689 647 2750; x_wconf 90' lang='lat' dir='ltr'>iure</span> <span class='ocrx_word' id='word_1_291' title='bbox 662 2697 788 2767; x_wconf 91' lang='lat' dir='ltr'>gustare.</span> <span class='ocrx_word' id='word_1_292' title='bbox 818 2689 906 2750; x_wconf 87' lang='lat' dir='ltr'>habet</span> <span class='ocrx_word' id='word_1_293' title='bbox 920 2690 991 2751; x_wconf 90' lang='lat' dir='ltr'>haec</span> <span class='ocrx_word' id='word_1_294' title='bbox 1005 2709 1052 2752; x_wconf 90' lang='lat' dir='ltr'>res</span> <span class='ocrx_word' id='word_1_295' title='bbox 1068 2709 1185 2771; x_wconf 89' lang='lat' dir='ltr'>panem.</span> <span class='ocrx_word' id='word_1_296' title='bbox 1217 2712 1284 2754; x_wconf 90' lang='lat' dir='ltr'>nam</span> 
     </span>
     <span class='ocr_line' id='line_1_30' title="bbox 176 2773 1285 2860; baseline 0.005 -25"><span class='ocrx_word' id='word_1_297' title='bbox 176 2773 280 2835; x_wconf 86' lang='lat' dir='ltr'>litteris</span> <span class='ocrx_word' id='word_1_298' title='bbox 297 2774 369 2836; x_wconf 92' lang='lat' dir='ltr'>satis</span> <span class='ocrx_word' id='word_1_299' title='bbox 383 2773 551 2854; x_wconf 88' lang='lat' dir='ltr'>inquinatus</span> <span class='ocrx_word' id='word_1_300' title='bbox 567 2781 620 2835; x_wconf 90' lang='lat' dir='ltr'>est.</span> <span class='ocrx_word' id='word_1_301' title='bbox 652 2775 729 2854; x_wconf 88' lang='lat' dir='ltr'>quod</span> <span class='ocrx_word' id='word_1_302' title='bbox 746 2775 771 2836; x_wconf 90' lang='lat' dir='ltr'>si</span> <span class='ocrx_word' id='word_1_303' title='bbox 786 2774 929 2860; x_wconf 75' lang='lat' dir='ltr'>resilierit,</span> <span class='ocrx_word' id='word_1_304' title='bbox 946 2775 1085 2838; x_wconf 87' lang='lat' dir='ltr'>destinavi</span> <span class='ocrx_word' id='word_1_305' title='bbox 1098 2776 1180 2838; x_wconf 93' lang='lat' dir='ltr'>illum</span> <span class='ocrx_word' id='word_1_306' title='bbox 1193 2778 1285 2840; x_wconf 85' lang='lat' dir='ltr'>artili-</span> 
     </span>
     <span class='ocr_line' id='line_1_31' title="bbox 177 2858 1285 2940; baseline 0.005 -20"><span class='ocrx_word' id='word_1_307' title='bbox 177 2858 213 2920; x_wconf 90' lang='lat' dir='ltr'>cii</span> <span class='ocrx_word' id='word_1_308' title='bbox 235 2859 353 2934; x_wconf 88' lang='lat' dir='ltr'>docere,</span> <span class='ocrx_word' id='word_1_309' title='bbox 375 2867 425 2921; x_wconf 87' lang='lat' dir='ltr'>aut</span> <span class='ocrx_word' id='word_1_310' title='bbox 445 2859 642 2920; x_wconf 87' lang='lat' dir='ltr'>tonstreinum</span> <span class='ocrx_word' id='word_1_311' title='bbox 661 2866 711 2921; x_wconf 91' lang='lat' dir='ltr'>aut</span> <span class='ocrx_word' id='word_1_312' title='bbox 730 2879 908 2940; x_wconf 91' lang='lat' dir='ltr'>praeconem</span> <span class='ocrx_word' id='word_1_313' title='bbox 928 2869 977 2922; x_wconf 88' lang='lat' dir='ltr'>aut</span> <span class='ocrx_word' id='word_1_314' title='bbox 999 2869 1075 2924; x_wconf 88' lang='lat' dir='ltr'>certe</span> <span class='ocrx_word' id='word_1_315' title='bbox 1095 2863 1285 2939; x_wconf 91' lang='lat' dir='ltr'>causidicum,</span> 
     </span>
     <span class='ocr_line' id='line_1_32' title="bbox 178 2944 1285 3048; baseline 0.005 -42"><span class='ocrx_word' id='word_1_316' title='bbox 178 2945 255 3048; x_wconf 72' lang='lat' dir='ltr'>quod</span> <span class='ocrx_word' id='word_1_317' title='bbox 281 2945 321 3006; x_wconf 95' lang='lat' dir='ltr'>illi</span> <span class='ocrx_word' id='word_1_318' title='bbox 348 2944 463 3007; x_wconf 87' lang='lat' dir='ltr'>auferre</span> <span class='ocrx_word' id='word_1_319' title='bbox 485 2963 547 3006; x_wconf 93' lang='lat' dir='ltr'>non</span> <span class='ocrx_word' id='word_1_320' title='bbox 570 2944 667 3024; x_wconf 85' lang='lat' dir='ltr'>possit</span> <span class='ocrx_word' id='word_1_321' title='bbox 688 2945 745 3007; x_wconf 88' lang='lat' dir='ltr'>nisi</span> <span class='ocrx_word' id='word_1_322' title='bbox 766 2945 870 3008; x_wconf 89' lang='lat' dir='ltr'>Orous.</span> <span class='ocrx_word' id='word_1_323' title='bbox 901 2946 966 3008; x_wconf 90' lang='lat' dir='ltr'>ideo</span> <span class='ocrx_word' id='word_1_324' title='bbox 989 2947 1028 3008; x_wconf 95' lang='lat' dir='ltr'>illi</span> <span class='ocrx_word' id='word_1_325' title='bbox 1050 2947 1155 3008; x_wconf 86' lang='lat' dir='ltr'>cotidie</span> <span class='ocrx_word' id='word_1_326' title='bbox 1176 2948 1285 3012; x_wconf 89' lang='lat' dir='ltr'>clamo:</span> 
     </span>
     <span class='ocr_line' id='line_1_33' title="bbox 173 3023 1285 3112; baseline 0.006 -22"><span class='ocrx_word' id='word_1_327' title='bbox 173 3023 182 3049; x_wconf 89' lang='lat'><em>‘</em></span> <span class='ocrx_word' id='word_1_328' title='bbox 200 3029 367 3110; x_wconf 87' lang='lat' dir='ltr'>Primigeni,</span> <span class='ocrx_word' id='word_1_329' title='bbox 385 3030 469 3093; x_wconf 88' lang='lat' dir='ltr'>crede</span> <span class='ocrx_word' id='word_1_330' title='bbox 484 3031 571 3103; x_wconf 93' lang='lat' dir='ltr'>mihi,</span> <span class='ocrx_word' id='word_1_331' title='bbox 589 3031 726 3112; x_wconf 88' lang='lat' dir='ltr'>quicquid</span> <span class='ocrx_word' id='word_1_332' title='bbox 743 3031 840 3105; x_wconf 91' lang='lat' dir='ltr'>discis,</span> <span class='ocrx_word' id='word_1_333' title='bbox 855 3032 909 3093; x_wconf 92' lang='lat' dir='ltr'>tibi</span> <span class='ocrx_word' id='word_1_334' title='bbox 924 3032 1022 3094; x_wconf 90' lang='lat' dir='ltr'>discis.</span> <span class='ocrx_word' id='word_1_335' title='bbox 1053 3032 1133 3093; x_wconf 89' lang='lat' dir='ltr'>vides</span> <span class='ocrx_word' id='word_1_336' title='bbox 1149 3033 1285 3096; x_wconf 86' lang='lat' dir='ltr'>Philero-</span> 
     </span>
     <span class='ocr_line' id='line_1_34' title="bbox 176 3115 1285 3191; baseline 0.006 -16"><span class='ocrx_word' id='word_1_337' title='bbox 176 3132 244 3176; x_wconf 90' lang='lat' dir='ltr'>nem</span> <span class='ocrx_word' id='word_1_338' title='bbox 261 3116 452 3178; x_wconf 89' lang='lat' dir='ltr'>causidicum:</span> <span class='ocrx_word' id='word_1_339' title='bbox 475 3115 499 3177; x_wconf 93' lang='lat' dir='ltr'>si</span> <span class='ocrx_word' id='word_1_340' title='bbox 520 3134 580 3178; x_wconf 91' lang='lat' dir='ltr'>non</span> <span class='ocrx_word' id='word_1_341' title='bbox 597 3115 759 3191; x_wconf 89' lang='lat' dir='ltr'>didicisset,</span> <span class='ocrx_word' id='word_1_342' title='bbox 782 3118 870 3179; x_wconf 91' lang='lat' dir='ltr'>hodie</span> <span class='ocrx_word' id='word_1_343' title='bbox 885 3119 993 3179; x_wconf 85' lang='lat' dir='ltr'>famem</span> <span class='ocrx_word' id='word_1_344' title='bbox 1010 3137 1026 3179; x_wconf 87' lang='lat' dir='ltr'>a</span> <span class='ocrx_word' id='word_1_345' title='bbox 1040 3117 1128 3179; x_wconf 90' lang='lat' dir='ltr'>labris</span> <span class='ocrx_word' id='word_1_346' title='bbox 1144 3137 1206 3181; x_wconf 91' lang='lat' dir='ltr'>non</span> <span class='ocrx_word' id='word_1_347' title='bbox 1223 3120 1285 3182; x_wconf 90' lang='lat' dir='ltr'>abi-</span> 
     </span>
     <span class='ocr_line' id='line_1_35' title="bbox 177 3201 1286 3279; baseline 0.008 -19"><span class='ocrx_word' id='word_1_348' title='bbox 177 3207 265 3279; x_wconf 89' lang='lat' dir='ltr'>geret.</span> <span class='ocrx_word' id='word_1_349' title='bbox 299 3202 403 3276; x_wconf 90' lang='lat' dir='ltr'>modo,</span> <span class='ocrx_word' id='word_1_350' title='bbox 429 3202 518 3262; x_wconf 92' lang='lat' dir='ltr'>modo</span> <span class='ocrx_word' id='word_1_351' title='bbox 540 3201 614 3262; x_wconf 90' lang='lat' dir='ltr'>collo</span> <span class='ocrx_word' id='word_1_352' title='bbox 635 3221 690 3264; x_wconf 90' lang='lat' dir='ltr'>suo</span> <span class='ocrx_word' id='word_1_353' title='bbox 712 3202 932 3266; x_wconf 84' lang='lat' dir='ltr'>circumferebat</span> <span class='ocrx_word' id='word_1_354' title='bbox 953 3221 1041 3264; x_wconf 86' lang='lat' dir='ltr'>onera</span> <span class='ocrx_word' id='word_1_355' title='bbox 1061 3203 1185 3278; x_wconf 84' lang='lat' dir='ltr'>venalia,</span> <span class='ocrx_word' id='word_1_356' title='bbox 1206 3224 1286 3269; x_wconf 90' lang='lat' dir='ltr'>nunc</span> 
     </span>
     <span class='ocr_line' id='line_1_36' title="bbox 177 3284 1287 3366; baseline 0.006 -20"><span class='ocrx_word' id='word_1_357' title='bbox 177 3284 262 3346; x_wconf 90' lang='lat' dir='ltr'>etiam</span> <span class='ocrx_word' id='word_1_358' title='bbox 285 3285 424 3349; x_wconf 86' lang='lat' dir='ltr'>adversus</span> <span class='ocrx_word' id='word_1_359' title='bbox 446 3287 617 3348; x_wconf 92' lang='lat' dir='ltr'>Norbanum</span> <span class='ocrx_word' id='word_1_360' title='bbox 641 3307 672 3349; x_wconf 90' lang='lat' dir='ltr'>sc</span> <span class='ocrx_word' id='word_1_361' title='bbox 694 3289 831 3350; x_wconf 78' lang='lat' dir='ltr'>extendit.</span> <span class='ocrx_word' id='word_1_362' title='bbox 862 3289 971 3350; x_wconf 90' lang='lat' dir='ltr'>litterae</span> <span class='ocrx_word' id='word_1_363' title='bbox 991 3289 1162 3352; x_wconf 86' lang='lat' dir='ltr'>thesaurum</span> <span class='ocrx_word' id='word_1_364' title='bbox 1178 3297 1237 3366; x_wconf 90' lang='lat' dir='ltr'>est,</span> <span class='ocrx_word' id='word_1_365' title='bbox 1258 3300 1287 3354; x_wconf 87' lang='lat' dir='ltr'>ct</span> 
     </span>
     <span class='ocr_line' id='line_1_37' title="bbox 177 3363 976 3451; baseline 0.005 -19"><span class='ocrx_word' id='word_1_366' title='bbox 177 3369 332 3432; x_wconf 79' lang='lat' dir='ltr'>artificium</span> <span class='ocrx_word' id='word_1_367' title='bbox 347 3389 496 3451; x_wconf 87' lang='lat' dir='ltr'>nunquam</span> <span class='ocrx_word' id='word_1_368' title='bbox 513 3363 665 3435; x_wconf 81' lang='lat' dir='ltr'>moritur.²’</span> <span class='ocrx_word' id='word_1_369' title='bbox 974 3379 976 3386; x_wconf 88' lang='lat'>&#39;</span> 
     </span>
    </p>

    <p class='ocr_par' dir='ltr' id='par_1_5' title="bbox 121 3456 1284 3970">
     <span class='ocr_line' id='line_1_38' title="bbox 121 3456 1284 3533; baseline 0.001 -12"><span class='ocrx_word' id='word_1_370' title='bbox 121 3461 161 3522; x_wconf 84' lang='grc'>47</span> <span class='ocrx_word' id='word_1_371' title='bbox 264 3456 407 3517; x_wconf 89' lang='lat' dir='ltr'>eiusmodi</span> <span class='ocrx_word' id='word_1_372' title='bbox 421 3457 535 3520; x_wconf 75' lang='lat' dir='ltr'>tabidae</span> <span class='ocrx_word' id='word_1_373' title='bbox 550 3459 710 3533; x_wconf 89' lang='lat' dir='ltr'>vibrabant,</span> <span class='ocrx_word' id='word_1_374' title='bbox 727 3477 794 3520; x_wconf 89' lang='lat' dir='ltr'>cum</span> <span class='ocrx_word' id='word_1_375' title='bbox 804 3459 980 3522; x_wconf 81' lang='lat' dir='ltr'>Trimalchio</span> <span class='ocrx_word' id='word_1_376' title='bbox 996 3459 1113 3521; x_wconf 88' lang='lat' dir='ltr'>intravit</span> <span class='ocrx_word' id='word_1_377' title='bbox 1127 3467 1156 3520; x_wconf 88' lang='lat' dir='ltr'>et</span> <span class='ocrx_word' id='word_1_378' title='bbox 1171 3460 1284 3524; x_wconf 87' lang='lat' dir='ltr'>detersa</span> 
     </span>
     <span class='ocr_line' id='line_1_39' title="bbox 177 3535 1283 3645; baseline 0.005 -42"><span class='ocrx_word' id='word_1_379' title='bbox 177 3541 276 3604; x_wconf 82' lang='lat' dir='ltr'>fronte</span> <span class='ocrx_word' id='word_1_380' title='bbox 295 3548 445 3645; x_wconf 78' lang='lat' dir='ltr'>unguento</span> <span class='ocrx_word' id='word_1_381' title='bbox 465 3561 570 3605; x_wconf 90' lang='lat' dir='ltr'>manus</span> <span class='ocrx_word' id='word_1_382' title='bbox 590 3544 658 3606; x_wconf 83' lang='lat' dir='ltr'>lavit</span> <span class='ocrx_word' id='word_1_383' title='bbox 676 3544 830 3624; x_wconf 90' lang='lat' dir='ltr'>spatioque</span> <span class='ocrx_word' id='word_1_384' title='bbox 850 3545 972 3606; x_wconf 93' lang='lat' dir='ltr'>minimo</span> <span class='ocrx_word' id='word_1_385' title='bbox 989 3545 1164 3625; x_wconf 90' lang='lat' dir='ltr'>interposito</span> <span class='ocrx_word' id='word_1_386' title='bbox 1181 3535 1283 3626; x_wconf 85' lang='lat' dir='ltr'>‘igno-</span> 
     </span>
     <span class='ocr_line' id='line_1_40' title="bbox 179 3617 1282 3712; baseline 0.004 -22"><span class='ocrx_word' id='word_1_387' title='bbox 179 3627 251 3690; x_wconf 87' lang='lat' dir='ltr'>scite</span> <span class='ocrx_word' id='word_1_388' title='bbox 265 3626 337 3690; x_wconf 91' lang='lat' dir='ltr'>mihi</span> <span class='ocrx_word' id='word_1_389' title='bbox 365 3626 459 3707; x_wconf 90' lang='lat' dir='ltr'>inquit</span> <span class='ocrx_word' id='word_1_390' title='bbox 470 3617 577 3706; x_wconf 89' lang='lat' dir='ltr'>‘amici,</span> <span class='ocrx_word' id='word_1_391' title='bbox 593 3629 692 3692; x_wconf 90' lang='lat' dir='ltr'>multis</span> <span class='ocrx_word' id='word_1_392' title='bbox 704 3629 763 3690; x_wconf 90' lang='lat' dir='ltr'>iam</span> <span class='ocrx_word' id='word_1_393' title='bbox 775 3629 878 3691; x_wconf 91' lang='lat' dir='ltr'>diebus</span> <span class='ocrx_word' id='word_1_394' title='bbox 889 3638 991 3692; x_wconf 90' lang='lat' dir='ltr'>venter</span> <span class='ocrx_word' id='word_1_395' title='bbox 1002 3631 1072 3692; x_wconf 92' lang='lat' dir='ltr'>mihi</span> <span class='ocrx_word' id='word_1_396' title='bbox 1085 3649 1146 3693; x_wconf 91' lang='lat' dir='ltr'>non</span> <span class='ocrx_word' id='word_1_397' title='bbox 1157 3650 1282 3712; x_wconf 87' lang='lat' dir='ltr'>respon-</span> 
     </span>
     <span class='ocr_line' id='line_1_41' title="bbox 178 3713 1283 3795; baseline 0.005 -21"><span class='ocrx_word' id='word_1_398' title='bbox 178 3713 229 3775; x_wconf 89' lang='lat' dir='ltr'>dit</span> <span class='ocrx_word' id='word_1_399' title='bbox 260 3731 316 3776; x_wconf 90' lang='lat' dir='ltr'>nec</span> <span class='ocrx_word' id='word_1_400' title='bbox 334 3713 438 3775; x_wconf 89' lang='lat' dir='ltr'>medici</span> <span class='ocrx_word' id='word_1_401' title='bbox 460 3731 493 3774; x_wconf 90' lang='lat' dir='ltr'>se</span> <span class='ocrx_word' id='word_1_402' title='bbox 512 3713 669 3776; x_wconf 88' lang='lat' dir='ltr'>inveniunt.</span> <span class='ocrx_word' id='word_1_403' title='bbox 699 3715 811 3795; x_wconf 84' lang='lat' dir='ltr'>profuit</span> <span class='ocrx_word' id='word_1_404' title='bbox 829 3715 901 3776; x_wconf 92' lang='lat' dir='ltr'>mihi</span> <span class='ocrx_word' id='word_1_405' title='bbox 922 3722 1022 3778; x_wconf 90' lang='lat' dir='ltr'>tamen</span> <span class='ocrx_word' id='word_1_406' title='bbox 1037 3715 1237 3780; x_wconf 88' lang='lat' dir='ltr'>maleicorium</span> <span class='ocrx_word' id='word_1_407' title='bbox 1256 3727 1283 3780; x_wconf 92' lang='lat' dir='ltr'>et</span> 
     </span>
     <span class='ocr_line' id='line_1_42' title="bbox 175 3798 1281 3882; baseline 0.005 -23"><span class='ocrx_word' id='word_1_408' title='bbox 175 3798 260 3860; x_wconf 88' lang='lat' dir='ltr'>taeda</span> <span class='ocrx_word' id='word_1_409' title='bbox 279 3818 314 3862; x_wconf 81' lang='lat' dir='ltr'>er</span> <span class='ocrx_word' id='word_1_410' title='bbox 333 3806 426 3862; x_wconf 89' lang='lat' dir='ltr'>aceto.</span> <span class='ocrx_word' id='word_1_411' title='bbox 455 3817 543 3880; x_wconf 90' lang='lat' dir='ltr'>spero</span> <span class='ocrx_word' id='word_1_412' title='bbox 564 3805 676 3874; x_wconf 68' lang='lat' dir='ltr'>umen,</span> <span class='ocrx_word' id='word_1_413' title='bbox 697 3800 895 3863; x_wconf 85' lang='lat' dir='ltr'>iamveterem</span> <span class='ocrx_word' id='word_1_414' title='bbox 912 3802 1056 3882; x_wconf 91' lang='lat' dir='ltr'>pudorem</span> <span class='ocrx_word' id='word_1_415' title='bbox 1072 3802 1281 3882; x_wconf 88' lang='lat' dir='ltr'>sibiimponet.</span> 
     </span>
     <span class='ocr_line' id='line_1_43' title="bbox 177 3883 1280 3970; baseline 0.003 -23"><span class='ocrx_word' id='word_1_416' title='bbox 177 3883 305 3966; x_wconf 87' lang='lat' dir='ltr'>alioquin</span> <span class='ocrx_word' id='word_1_417' title='bbox 319 3884 395 3950; x_wconf 90' lang='lat' dir='ltr'>circa</span> <span class='ocrx_word' id='word_1_418' title='bbox 410 3885 595 3949; x_wconf 83' lang='lat' dir='ltr'>stomachum</span> <span class='ocrx_word' id='word_1_419' title='bbox 612 3885 683 3948; x_wconf 91' lang='lat' dir='ltr'>mihi</span> <span class='ocrx_word' id='word_1_420' title='bbox 699 3893 793 3964; x_wconf 89' lang='lat' dir='ltr'>sonat,</span> <span class='ocrx_word' id='word_1_421' title='bbox 807 3893 895 3970; x_wconf 87' lang='lat' dir='ltr'>putes</span> <span class='ocrx_word' id='word_1_422' title='bbox 909 3895 1035 3952; x_wconf 92' lang='lat' dir='ltr'>taurum.</span> <span class='ocrx_word' id='word_1_423' title='bbox 1067 3887 1161 3967; x_wconf 88' lang='lat' dir='ltr'>itaque</span> <span class='ocrx_word' id='word_1_424' title='bbox 1177 3889 1203 3950; x_wconf 93' lang='lat' dir='ltr'>si</span> <span class='ocrx_word' id='word_1_425' title='bbox 1218 3889 1280 3970; x_wconf 88' lang='lat' dir='ltr'>quis</span> 
     </span>
    </p>
   </div>
   <div class='ocr_carea' id='block_1_3' title="bbox 0 0 1386 4340">
    <p class='ocr_par' dir='ltr' id='par_1_6' title="bbox 0 0 1386 4340">
     <span class='ocr_line' id='line_1_44' title="bbox 0 0 1386 4340; baseline 0 0"><span class='ocrx_word' id='word_1_426' title='bbox 0 0 1386 4340; x_wconf 95' lang='lat' dir='ltr'> </span> 
     </span>
    </p>
   </div>
  </div>
 </body>
</html>
